2814 4810
250 371 328 434 ant
633 363 874 418 ancarano.
968 359 971 367 '

250 535 385 615 medio
423 521 703 620 lacuillimum,
756 529 941 608 lateribus
982 525 1259 607 tantummodo

250 679 445 770 punctum
469 658 523 734 fit.
661 690 663 694 ·

502 785 569 866 *Ad
591 813 628 886 p.
643 791 777 866 XXXI.
801 799 898 884 part.
926 781 996 858 inf.

1388 753 1399 814 ‘

256 1019 260 1028 ἱ
328 918 443 999 Oculi
471 915 694 1016 Staphylini
706 909 893 1013 stenoidis
914 912 1263 1017 oculismicropte·
1398 915 1399 954 r

251 1075 411 1138 rorum,
436 1045 654 1144 dequibus
679 1066 825 1116 nomen
849 1041 977 1130 ducit,
1005 1041 1145 1117 ssmiles
1167 1069 1259 1144 pro·

213 1273 215 1276 Ι
249 1180 416 1254 filientes
444 1177 578 1274 magni
600 1171 709 1262 lunt,
744 1172 906 1269 reliquis
929 1174 1167 1274 staphylinis
1190 1201 1261 1252 aua

245 1326 328 1384 tem
350 1305 555 1408 planiores.

472 1429 530 1506 Ad
557 1456 595 1530 p.
611 1432 778 1511 XXXIII.
805 1445 902 1528 part.
928 1430 1030 1506 med.

322 1562 498 1645 Articuli
526 1558 642 1633 medii
674 1572 930 1632 antennarum
957 1561 1021 1633 vel
1042 1555 1133 1633 sunt
1155 1577 1280 1635 cam·¹

113 1711 117 1718 ’
247 1695 453 1800 punulati‚
484 1689 548 1765 vel
580 1681 898 1785 pateraelormes,
927 1685 992 1758 vel
1014 1685 1132 1760 latere
1156 1687 1258 1760 inte·

246 1828 352 1902 aiore
387 1813 852 1911 subincuruo-etongati3
895 1838 942 1887 ex
970 1813 1033 1888 hia
1065 1827 1259 1888 antennae

234 1947 426 2063 ferratae
449 1943 686 2022 constructae
705 1940 787 2017 solo
813 1940 948 2040 stupa.
971 1941 1138 2016 dilatato
1154 1941 1259 2016 inter

242 2101 384 2155 omnes
409 2076 746 2172 Micropterorum
778 2068 922 2170 species
945 2068 1129 2169 propriae
1151 2067 1254 2156 lunt,

494 2199 554 2275 Ad
578 2226 614 2299 p.
629 2203 779 2276 XXXV.
809 2217 906 2298 part.
930 2196 1001 2271 inf.

242 2381 245 2388 -
322 2326 577 2430 Staphylinus
607 2326 796 2400 dilatatus
824 2328 1003 2404 antennis
1034 2324 1185 2403 serratis
1206 2327 1255 2406 ab

238 2460 431 2538 ¹amnibus
455 2455 707 2554 Micropteris
731 2450 951 2543 distinctus,
977 2455 1142 2528 articulo
1165 2456 1257 2528 vlti-

240 2613 313 2666 mo
331 2602 594 2662 antennarum
615 2578 724 2656 haud
746 2577 966 2678 parabolice
993 2580 1153 2671 obtuso,
1186 2567 1256 2660 secl

244 2732 384 2804 nuato,
415 2739 438 2788 a
464 2685 627 2808 reliquis
660 2708 782 2784 huius
811 2705 983 2781 familiae
1013 2708 1255 2810 staphylini·
1397 2749 1398 2754 =

239 2842 456 2923 maioribus
487 2840 626 2918 differt.

464 2969 524 3044 Ad
550 2997 588 3071 p.
602 2972 805 3048 XXXVIII.
830 2980 929 3066 part.
952 2963 1023 3038 inf.

318 3097 501 3176 Galliceri
523 3099 769 3174 mandibulae
792 3096 929 3173 eadem
949 3093 1040 3170 lunt
1060 3091 1188 3170 forma
1206 3097 1252 3174 rt

237 3228 282 3302 in
304 3226 468 3326 reliquls
488 3227 721 3302 Aleocharia

638 3352 699 3429 Ad
722 3377 760 3451 p.
773 3357 850 3428 XL.

314 3482 437 3579 Palpi
470 3485 684 3558 anteriores
699 3477 703 3486 ’
720 3481 845 3555 Stenis
861 3471 964 3586 solis
994 3476 1252 3560 triarticulatl

237 3609 310 3688 effe
341 3591 530 3686 videntur
537 3636 549 3700 ;
584 3606 770 3683 omnibus
800 3605 963 3702 reliquia
996 3607 1248 3708 Micaopteria

234 3735 590 3839 qnadrlarticulati.
650 3735 856 3813 Articulus
896 3734 1056 3812 altimus
1089 3737 1251 3836 quibua·

233 3864 328 3940 dam
336 3859 611 3974 subulasormis
631 3861 833 3938 interdum
859 3862 908 3938 ab
931 3867 1094 3941 articulo
1108 3865 1248 3964 penul·

235 3995 337 4072 tImo
363 3991 495 4071 valido
525 3991 737 4096 recipitur,
768 3992 952 4096 plurimis
974 4011 1141 4072 attamen
1167 3993 1246 4070 Mi·

1093 4137 1244 4224 cropte·
