2814 4810
431 391 460 460 1.
489 365 734 492 Tnchppoms.
773 391 810 458 F.
824 391 872 458 ΙΙ.
1134 413 1159 484 3

146 606 178 663 ι.
205 585 246 653 Τ.
270 577 488 680 gratandum,
520 571 682 661 nitidus,
701 569 845 669 'nigert
880 573 1079 672 coleoptris
1100 577 1157 654 in.

193 710 346 782 terdum
370 700 482 774 fuscia
509 700 573 772 seu
597 695 928 787 fusco-castaneis3

248 841 369 932 Long.
391 837 414 931 ᾗ
432 871 476 886 -
492 836 516 930 ξ
540 827 611 900 lin.

231 965 371 1057 ‚Caput
393 957 563 1029 antennis
587 953 713 1028 fuscis.

252 1089 401 1160 Thorax
413 1082 866 1183 marginibuslateralibna
875 1084 1066 1162 interdum
1074 1087 1157 1167 sub·
1215 1073 1220 1084 ⁸

183 1212 493 1322 ‘pallescentibua

242 1341 417 1430 Habitat,
444 1358 613 1436 tempore
633 1364 752 1416 verno
778 1357 815 1412 et
834 1338 991 1431 aestino,
1018 1344 1084 1418 snb
1098 1345 1157 1421 fo·

191 1469 257 1542 liia
270 1465 439 1548 deciduis
462 1487 499 1540 et
521 1468 588 1541 sub
604 1468 738 1542 muscis
749 1471 798 1542 ad
813 1472 951 1544 radices
967 1474 1156 1568 arborum,

193 1599 293 1671 haud
314 1596 501 1694 frequens.

491 1844 712 1910 Famrtta
754 1843 803 1910 11.

240 1989 513 2086 Compleotitur
537 1986 665 2060 omnia
694 1989 761 2059 illa
785 1988 1030 2086 Microptera,
1059 2017 1156 2090 quae

187 2119 285 2194 olim
324 2118 511 2192 familiam
542 2123 593 2190 11.
621 2119 930 2212 Taohypororum
959 2117 1156 2193 constitue·

30 2272 61 2322 te·
188 2250 291 2320 bant.
354 2252 496 2339 Corpus
536 2243 589 2316 eis
631 2241 680 2315 est
716 2244 885 2317 nitidum
922 2273 1151 2340 connexum,

193 2374 363 2471 quamuis
385 2399 465 2445 non
487 2371 698 2470 globosum,
721 2375 823 2448 utin
843 2375 984 2464 faml,
1008 2394 1045 2452 et
1071 2402 1154 2472 par·

138 2563 141 2570 .
191 2519 245 2574 tea
275 2501 436 2598 corporis
468 2499 695 2600 angustiores
723 2500 828 2588 sunt3
867 2507 1001 2576 thorax
1033 2522 1153 2578 trana-
1288 2550 1290 2559 ·

190 2630 328 2708 versus.
379 2639 411 2703 A
436 2629 601 2707 familiae
623 2631 753 2704 tertiae
775 2629 962 2724 speciebus
987 2633 1077 2704 haec
1102 2631 1156 2704 fa·

187 2759 312 2848 milia,
338 2754 472 2831 statura
486 2758 647 2848 minore,
668 2761 794 2832 nitore
809 2757 1069 2854 splendidiore,
1095 2781 1156 2833 co·

187 2890 333 2960 loribus
358 2889 579 2985 plerumque
600 2886 873 2975 vinidioribua,
905 2885 1052 2958 thorace
1070 2908 1156 2956 con-

188 3017 360 3103 vexiore‚
404 3017 535 3108 elytria
569 3016 820 3114 glaberrimis‚
862 3013 980 3106 palpia
1013 3009 1156 3108 semper

189 3141 432 3231 acuminatis,
467 3143 533 3240 qui
557 3145 633 3218 illia
657 3141 854 3216 filiformes
878 3140 986 3227 sunt,
1016 3137 1157 3233 praeci-

189 3297 264 3368 pua
285 3267 420 3343 differt.
445 3266 449 3276 “
470 3271 651 3344 Habitant
672 3271 785 3342 etiam
808 3270 928 3344 rarius
956 3285 1011 3355 et,
1035 3284 1079 3347 vt
1103 3266 1155 3338 vi·

188 3399 320 3497 detur,
351 3423 437 3471 oum
462 3425 533 3471 oua
559 3398 729 3494 pariunt,
752 3398 919 3469 infimo.
1051 3457 1053 3461 .

241 3531 335 3598 Sunt
358 3527 539 3626 quaedam
557 3525 781 3599 Aleochnrae
801 3553 819 3596 e
837 3524 976 3599 familia
994 3530 1057 3614 IV,
1079 3551 1108 3596 e.
1119 3549 1154 3624 g.

190 3655 253 3728 At.
279 3657 433 3751 palpah's
455 3659 671 3741 erminum,
706 3679 801 3750 quae
823 3652 978 3724 facilius
995 3676 1063 3746 pro
1085 3655 1156 3724 Ta·

142 3784 146 3791 “
191 3783 369 3874 ohyporia
393 3784 506 3854 huius
529 3782 711 3868 familiae,
740 3781 956 3880 Tochyporo
973 3783 1156 3878 pedicula-

192 3912 248 3980 rio
276 3905 474 4000 affinibus,
507 3910 634 3982 haberi
656 3906 802 4004 poliunt
810 3935 822 3992 3
856 3907 917 3981 sed
940 3908 1077 3978 thorax
1094 3908 1157 3977 ha·

191 4059 278 4108 runt
299 4038 586 4111 Aleoohararum
608 4039 750 4133 apicem
772 4035 897 4109 versus
923 4031 1154 4133 gibbulofior

705 4176 737 4237 A
765 4190 784 4237 a
959 4171 982 4190 ’“
1087 4155 1151 4248 est,
