2768 4796
258 413 334 486 eoo
570 401 964 476 XOnmlirmcle

260 612 298 690 4.
327 597 370 668 0
393 615 621 696 pygmnemn
645 588 833 677 nitidum,
863 587 1017 678 rufum,
1049 589 1278 664 connexion-

284 716 459 809 ·',cnlnm
493 719 615 816 capite
641 721 866 818 plerumque
889 716 1123 803 obscuriore·
1151 720 1276 792 coleo-

309 851 403 950 ptris
426 849 588 945 punctis.

359 987 478 1081 Iong.
508 1003 524 1049 r
553 976 621 1048 lin.

359 1105 504 1182 Habitu
528 1130 599 1178 nec
621 1129 698 1176 non
719 1102 842 1178 forma
865 1121 905 1176 et
927 1104 1171 1200 proportione
1191 1131 1276 1203 par·

309 1237 411 1311 tium
450 1235 582 1308 omatii
616 1233 781 1321 brunner,
825 1250 968 1328 aquo,
1007 1235 1275 1331 magnitudine

309 1365 477 1452 minore,
499 1364 695 1457 coleoptris
714 1363 815 1434 hand
831 1358 980 1452 lirintis,
1006 1365 1158 1436 thorace
1173 1365 1276 1436 haud

309 1495 573 1579 canaliculato,
605 1486 738 1562 differt.
790 1490 848 1562 Ab
882 1493 926 1561 0.
948 1507 1095 1564 rrennto
1127 1493 1276 1591 magni·

309 1622 443 1699 tudine
484 1623 629 1695 minore
669 1638 707 1690 et
741 1618 942 1714 coleoptria
973 1619 1074 1692 hand
1105 1638 1273 1695 crenato·

309 1750 443 1827 strictis
467 1748 503 1823 le
525 1745 731 1847 distinguit.

361 1883 405 1953 0.
425 1879 619 1951 brunneum
640 1902 719 1948 var.
741 1897 774 1963 3.
800 1878 857 1947 M.
881 1899 917 1970 p.
938 1896 1020 1967 ¹¹4·

358 2013 474 2079 Dom.
499 2004 693 2105 Gyllenlral
723 2003 795 2073 hoc
821 2002 1012 2076 Omalium
1043 2029 1132 2078 curn
1156 2011 1271 2080 Dom.

308 2143 432 2210 Sturm
455 2130 750 2205 communicanit
771 2129 839 2203 sub
866 2133 1020 2205 nomine
1035 2136 1272 2237 Staphyliarus

307 2287 512 2363 pygmaeus
537 2259 704 2360 Paylult

259 2411 295 2480 5.
327 2390 372 2467 0.
390 2390 585 2462 brunneum
614 2393 668 2459 Μ.
693 2410 729 2481 p.
752 2408 855 2476 ιι3.,
888 2386 1073 2481 nitidum,
1115 2391 1271 2480 rufum

309 2519 448 2609 oculis,
477 2518 698 2614 plerumque
723 2534 806 2587 toto
831 2517 968 2611 capite,
1005 2519 1107 2612 apice
1128 2521 1272 2613 elytro-

306 2675 393 2724 rum
423 2666 460 2721 ot
491 2670 562 2720 ano
587 2645 720 2744 nigrim
751 2647 900 2717 thorace
920 2644 1171 2735 bifoueolat03
1204 2673 1269 2723 co·

308 2778 465 2875 leoptria
490 2770 804 2873 puncto-strictis.

359 2915 477 3006 Long.
507 2911 550 3001 ¹i
570 2905 640 2976 lin.

359 3039 418 3112 Ab
447 3035 516 3112 ob.
532 3049 676 3106 crenato
698 3029 894 3126 praecipue
915 3031 1065 3106 thorace
1078 3032 1273 3108 foneolato

310 3163 445 3241 differt.
498 3155 717 3234 Differentia
735 3159 869 3233 harum
885 3159 1044 3233 duarum
1056 3160 1273 3256 specierum,

310 3319 424 3392 quam
449 3289 550 3366 olim,
565 3289 674 3362 etiam
700 3290 747 3360 de
770 3307 1020 3364 antennarum
1042 3290 1199 3364 articulo
1217 3293 1274 3362 vl·

309 3421 409 3494 timo
439 3415 614 3506 desumli,
647 3415 763 3491 nimia
793 3416 942 3491 subtilis
974 3417 1043 3504 est;
1077 3432 1275 3496 Antennae

314 3549 361 3628 0.
378 3549 512 3621 erenaei
535 3543 644 3641 paulo
669 3545 858 3643 longiorea
885 3566 922 3619 et
946 3550 1157 3646 graciliores
1183 3550 1275 3625 sunt

311 3703 426 3776 quam
466 3675 514 3752 0.
540 3673 707 3756 brunnei‚·
746 3672 835 3743 inde
865 3669 1053 3770 sequitur,
1094 3681 1274 3757 articulos

310 3806 424 3878 ctiam
460 3827 588 3876 earum
629 3801 743 3898 paulo
775 3801 988 3900 graciliores
1020 3824 1057 3876 et
1083 3806 1274 3907 longiores

310 3929 378 4004 elle
399 3932 549 4018 debere,
576 3929 678 4026 quod
702 3953 793 4002 vero
810 3953 889 4002 non
906 3930 978 4006 nili
996 3936 1276 4033 comparatione

311 4075 560 4135 antennarum
581 4055 761 4160 distingui
785 4055 913 4156 potest.

1145 4193 1274 4294 Stuph.
