2814 4810
545 353 785 414 rururnrro.
1117 367 1189 425 vu»

156 531 334 616 ocenum,
362 524 611 625 Oxyporum,
635 517 803 626 Plestum
824 538 862 598 et
875 517 1176 634 semechusamc

152 657 354 743 Vidimus,
391 652 487 726 haec
517 675 678 750 genera,
715 651 922 726 collatione
957 677 1049 728 cum
1081 657 1175 732 reli.

154 785 265 881 quis,
296 803 436 881 paucas
464 795 619 853 tantum
646 778 792 878 species
818 779 1172 879 comprehendere3

152 928 215 1000 et,
251 935 298 986 ex
325 908 519 1007 analogia,
561 904 697 994 credo,
737 931 803 980 me
827 905 935 982 haud
959 933 1106 1000 errare,
1139 911 1168 988 ti

151 1038 340 1127 coniicio,
362 1036 428 1110 illa
453 1059 614 1134 genere,
641 1034 859 1136 specierum
879 1059 1049 1112 numero
1067 1064 1167 1116 cree-

150 1183 282 1254 oente,
321 1164 530 1264 generibus
559 1187 719 1262 quoque
743 1164 851 1252 aliis,
881 1163 1073 1262 aquibus
1096 1166 1170 1244 ad·.

154 1295 235 1370 huc
261 1292 350 1366 satis
374 1290 530 1380 distant,
557 1290 916 1392 adpropinquatum
942 1290 1013 1381 iri,
1037 1291 1174 1372 donee

147 1419 315 1495 tandem
345 1444 437 1492 cum
474 1419 536 1493 his
577 1418 779 1498 confluent
817 1443 892 1495 nec
925 1417 996 1492 niti
1030 1417 1169 1502 forsan,

144 1551 273 1625 vnico
297 1547 468 1645 quodam
502 1549 721 1624 charactere
745 1547 1017 1649 distinguenda
1040 1552 1157 1644 erint,

220 1680 419 1750 Generum
442 1674 685 1776 dispositioni
703 1694 741 1753 et
757 1647 998 1766 definitioni,
1020 1679 1063 1754 in
1077 1681 1166 1760 hoc-

142 1805 335 1906 opusculo
356 1806 604 1878 commutatis
620 1821 678 1894 et,
703 1805 761 1878 vti
774 1803 904 1902 spero,
926 1805 1154 1903 emendatis,

139 1935 322 2035 plurium
353 1931 569 2032 specierum
599 1929 820 2032 diagnoses,
860 1927 1151 2032 descriptiones,

137 2061 444 2162 comparationes
469 2074 507 2133 et
527 2058 748 2158 synonyma
774 2055 996 2134 emendatos
1021 2079 1060 2137 et
1080 2088 1150 2140 au.

133 2207 231 2276 ctas,
263 2213 336 2262 nec
365 2213 447 2262 non
467 2186 612 2287 species
634 2187 776 2262 multos
793 2170 942 2278 nouas,
971 2213 1150 2288 querum

128 2341 320 2392 numerus
344 2315 457 2390 valde
482 2313 668 2403 increuit,
694 2311 840 2388 addidi.

210 2445 419 2543 Praecipue
459 2442 525 2518 hic
564 2444 681 2516 etiam
710 2443 868 2518 illarum
901 2445 1145 2526 mentionem

129 2573 242 2649 facio
255 2572 493 2672 specierum,
515 2567 565 2642 ed
589 2595 684 2668 quas
705 2567 974 2645 collectionem
989 2567 1145 2681 Boscia·

19 2717 22 2724 '
119 2729 221 2778 nam
262 2699 451 2800 allegaui3·
477 2697 619 2772 scimus
652 2698 779 2786 enim,
821 2697 1058 2789 Fabricium,
1098 2704 1144 2776 in

126 2830 281 2930 scriptis
300 2827 379 2902 suis
403 2827 721 2926 entomologicis,
746 2827 847 2900 hanc
869 2823 1141 2904 collectionem

126 2959 280 3059 saepius
301 2952 491 3042 citaulsle,
515 2969 555 3030 et
575 2946 732 3056 Bcffrius
757 2951 839 3051 ipl'e
861 2950 1049 3052 professus
1074 2952 1139 3044 est,

123 3085 352 3165 Fabricium·
373 3081 503 3182 ipsum
536 3078 683 3180 species
716 3079 913 3179 plurimas.
929 3079 1037 3156 illius
1059 3083 1141 3156 col.

123 3214 305 3290 lectionis
334 3210 408 3284 vel·
427 3203 734 3282 denominauille
763 3205 828 3280 vel
855 3206 933 3281 iam
959 3207 1138 3284 denomi-

119 3359 230 3420 natas
250 3333 478 3441 probauiffe.
529 3336 604 3412 Vbi
624 3362 726 3438 ergo·
740 3336 992 3434 coleopteron
1007 3337 1134 3434 quod.

120 3471 237 3556 dam,
283 3463 455 3542 etiarna
484 3468 670 3544 Fabricio
697 3467 784 3542 iam,
809 3463 1071 3565 descriptum,
1113 3493 1138 3542 e
1218 3515 1225 3538 .

121 3597 353 3674 collectione
372 3589 562 3703 Bffoiana
589 3597 750 3671 citatum
772 3592 841 3682 est,
864 3573 1137 3695 Entomologis

117 3722 350 3829 persuasum
397 3722 468 3797 else
512 3720 654 3824 potest,
698 3747 765 3796 me
788 3717 997 3794 ‚infectum
1035 3720 1137 3797 illud
1231 3797 1234 3804 ,

119 3852 254 3954 ipsum
276 3849 524 3952 descripsisse,
550 3851 660 3954 quod
682 3852 800 3929 etiam
820 3847 1022 3930 Fabricius
1047 3863 1154 3930 anto

121 3984 258 4060 oculos
280 3980 438 4059 habuit..

1044 4111 1132 4200 Iter,
