2768 4796
393 407 456 476 Vl.
480 399 697 481 Aleochara.
737 407 769 474 F.
785 407 851 476 Ill.
1060 411 1130 496 165

216 603 334 695 Long.
365 596 407 687 ιζ
432 589 501 662 lin.

213 727 315 796 Haec
345 719 480 820 species
507 729 531 793 a
553 716 791 816 praecedente
813 737 893 791 nort
920 716 1042 804 lolurn
1067 745 1127 797 eo-

117 930 120 934 ,
160 860 260 942 lore,
297 852 357 925 scd
386 850 498 923 etiem
531 826 792 943 magnitudine
821 848 987 939 minore,
1029 877 1126 951 pun.

160 1001 262 1055 ctnre
288 977 501 1061 subtiliore,
528 975 701 1049 antennis
727 976 855 1050 minus
875 977 1005 1068 hirtis,
1030 1008 1124 1078 pun.

159 1129 221 1182 cto
253 1107 412 1179 thoracis
446 1102 720 1176 antelcutellari
749 1104 974 1180 obsoletiore
1002 1081 1123 1186 subse·

157 1236 357 1322 milenari,
384 1227 519 1304 differt.

210 1387 332 1483 Caput
356 1377 666 1480 nigro-fuscum
700 1405 764 1453 ore
788 1378 939 1455 testaceo
948 1407 961 1467 ς
988 1400 1119 1457 enten-

155 1516 215 1590 nis
246 1510 382 1598 fuscis,
420 1507 579 1580 articulo
617 1509 741 1608 primo
776 1527 813 1581 et
848 1511 986 1586 vlrimo
1016 1513 1117 1588 rufo·

153 1639 323 1716 testaceis.

205 1790 352 1862 Thorace
383 1781 714 1871 rufo-testaceus,
754 1797 935 1886 penetus,
971 1803 1115 1883 puncto
1217 1852 1219 1862 ,

148 1916 290 1993 maiore
315 1913 585 1987 antelcutellari
615 1911 860 2000 obsoletiore,
895 1911 1112 1987 subsemilu·

150 2046 231 2119 nari
264 2021 317 2115 its
350 2057 392 2113 vt
419 2040 499 2114 eius
520 2039 739 2112 conuexitas
763 2037 960 2112 scutellum
984 2041 1111 2115 versus

148 2174 284 2244 directa
307 2166 359 2240 stt.

160 2392 162 2396 ,
193 2324 327 2419 Elytrc
348 2311 567 2412 nigricantia
575 2338 588 2396 3
614 2311 779 2410 margine
804 2313 948 2386 laterali
971 2335 1008 2388 et
1034 2321 1108 2417 spi-

145 2447 234 2532 cali‚
266 2468 336 2517 nec
361 2465 440 2516 non
470 2442 616 2512 macula
638 2441 815 2538 quadrata
840 2443 1026 2518 humerali
1047 2450 1124 2521 vel'

142 2571 217 2647 bafi
242 2591 322 2646 tote
342 2569 444 2642 rufis.

191 2718 384 2820 Addomen
409 2713 562 2804 rufum,
591 2715 693 2814 apice
716 2716 886 2816 nigrum,
913 2719 1107 2820 segmento

140 2865 304 2921 ettamen
330 2845 468 2919 vltimo
494 2844 594 2918 tufo.

188 2997 303 3069 Pedes
326 2990 480 3068 testacei.

188 3142 312 3212 Huius
341 3143 565 3217 Aleocharae
596 3140 839 3215 indiuiduam
871 3133 986 3214 modo
1017 3139 1102 3214 vni-

140 3292 226 3340 cum
249 3266 326 3363 ipse
347 3272 547 3368 prehendi,
572 3289 610 3345 et
631 3270 784 3368 quidem
809 3269 856 3344 in,
874 3269 1022 3352 boleto;
1045 3269 1101 3339 in·
1121 3265 1126 3271 ’

138 3413 195 3468 ter
218 3395 338 3468 multa
359 3415 484 3470 eutem
497 3397 725 3494 Mictoptera
747 3396 985 3470 collectionis
1002 3401 1101 3468 Stur-

138 3524 280 3596 rrrianoe
322 3523 394 3596 trie
432 3526 545 3598 etiem
586 3526 699 3597 huius
735 3524 868 3624 speciei
904 3525 1101 3596 indiuidua

9 3663 19 3694 t
138 3667 262 3740 erant,
295 3651 445 3724 nullum
469 3670 595 3724 sutem
617 3653 844 3732 Aleoclearne
867 3656 1026 3728 collaris.

92 3818 148 3895 45·
172 3801 222 3879 Α.
242 3801 387 3900 prolixo
415 3803 471 3872 M.
494 3823 606 3899 p.71.

118 3933 203 4003 Vcr.
230 3929 366 4002 minor.

185 4065 303 4161 Long.
332 4065 375 4160 12}
397 4056 465 4130 lin.
554 4077 558 4098 '
