2768 4796
427 363 531 430 ιἩΙῙ.
560 360 749 458 Oxytelus.
781 366 818 433 F.
835 365 864 434 l·
922 409 925 418 ⁴
1081 395 1156 466 '¹9¹

190 544 353 631 obtusls3
388 544 497 617 sulcis
529 545 735 619 dorsalibus
758 547 897 643 vbique
921 552 1085 628 eiusdem
1108 561 1160 632 la·

191 675 374 747 titudinis.

241 811 360 903 Long.
392 809 533 899 1{-2
558 801 626 874 lin.

242 934 351 1004 Color
373 930 476 1027 niger
484 955 496 1012 3
517 955 600 1014 ore,
623 947 868 1004 antennarum
886 930 977 1020 basi,
1000 937 1156 1028 pedibus

190 1077 228 1145 et
243 1058 371 1150 elytris
386 1055 563 1152 testaceis,
586 1059 642 1128 his
657 1057 847 1130 interdurn
859 1060 1151 1156 pineo-testaceis.

239 1194 296 1258 Ne
319 1183 464 1259 ratione
489 1185 641 1280 quidem
667 1186 792 1257 habita
819 1191 971 1278 coloris,
1006 1193 1073 1287 qui
1100 1214 1156 1268 at.

132 1367 134 1374 ,
189 1331 315 1388 tamen
351 1316 439 1385 huie
472 1312 602 1405 speciei
626 1292 863 1386 'constantior
892 1317 959 1390 esse
992 1299 1150 1412 videtur,

107 1533 110 1547 ‚
192 1448 235 1516 0.
250 1447 369 1538 piceus
395 1443 440 1514 ab
468 1448 510 1517 0.
529 1448 700 1516 carinatas
718 1439 837 1512 forma
854 1443 1059 1535 sulcorum,
1080 1448 1153 1520 im-

192 1573 324 1666 primis
352 1568 442 1642 sulci
470 1572 602 1659 medii,
628 1572 672 1642 ab
702 1574 744 1642 0.
758 1564 1005 1669 sculpturam,
1037 1573 1153 1676 inusto

188 1718 225 1774 et
251 1693 425 1799 infaceto,
451 1725 529 1770 non
559 1700 680 1770 solum
705 1697 824 1770 forma
853 1699 1060 1791 sulcorum,
1090 1706 1150 1777 sed

185 1827 297 1900 etiarn
324 1847 505 1922 punctura
530 1830 709 1914 thoracis,
735 1830 781 1898 ab
809 1834 851 1903 0.
870 1821 1046 1928 irrfigm'to¹
1065 1856 1148 1925 pro·

186 1960 361 2054 portione
401 1959 565 2054 portium
597 1974 634 2027 et
668 1977 849 2052 punctura
882 1960 1042 2029 therama
1077 1959 1150 2028 dis·

185 2087 309 2185 tingui
334 2083 459 2182 potest.
761 2149 782 2171 „

160 2216 260 2287 Huic
282 2214 444 2304 Oxytelo
470 2211 565 2283 alins
591 2208 715 2285 affinia
741 2207 809 2299 est,
843 2237 954 2306 quam
977 2219 1023 2288 D.
1048 2213 1148 2290 Prof.

188 2341 313 2413 Knocl'a
329 2345 371 2413 0.
380 2335 547 2438 sculptus
560 2343 801 2434 nuncupauit.
856 2337 989 2413 Differt
1004 2345 1149 2415 thorace

186 2469 363 2542 lateribus
394 2470 690 2556 subrotnndatis,
736 2466 837 2539 basin
862 2466 999 2541 ¹versuo
1033 2473 1146 2563 paulo
1262 2452 1264 2456 ¹

184 2597 411 2696 angustiore,
448 2596 647 2692 coleoptria
682 2596 850 2667 breuiore
883 2613 920 2667 et
946 2597 1060 2692 paulo
1083 2622 1148 2666 an-

183 2723 365 2825 gustiore,
401 2723 508 2795 fusco
537 2723 597 2794 seu
621 2721 732 2828 rus03
768 2725 966 2819 coleoptris
993 2724 1149 2821 quadra·

183 2856 252 2940 tis,
284 2851 555 2924 rufescentibus
589 2851 652 2924 seu
683 2847 1002 2945 piceo-testacei03
1037 2851 1147 2920 abdo-

184 2982 289 3055 mine
317 2981 424 3055 susco
447 2983 508 3054 vel
535 2977 767 3075 piceo-tufo.
819 2977 971 3048 Habitat
992 2976 1034 3050 in
1062 2984 1149 3051 Ger·

179 3111 303 3182 mania
328 3128 366 3180 et
388 3113 428 3183 in
459 3110 623 3184 America
646 3102 932 3204 septentrionali.

132 3259 166 3328 7.
196 3240 237 3309 0.
254 3241 413 3312 caelatus
440 3245 492 3310 M.
522 3263 556 3332 p.
575 3259 655 3324 103.

156 3366 318 3436 varietas
349 3367 460 3436 huius
489 3364 623 3462 speciei
648 3362 809 3436 occurrit
832 3362 958 3461 nigre,
995 3363 1146 3435 thorace

180 3492 430 3590 antennisque
467 3492 604 3581 fuscia,
647 3493 804 3586 pedibus
843 3517 907 3564 ore
940 3493 1145 3587 elytrisque
1232 3471 1234 3478 ⁵

179 3615 350 3690 testaceis.

125 3783 129 3792 ·
236 3746 384 3820 Thorax
421 3746 535 3819 huius
569 3747 722 3838 Oxyteli
751 3748 851 3821 haud
880 3744 1146 3843 quadrifoneo·

181 3873 280 3946 latus
307 3875 497 3947 nominari
522 3873 657 3972 potest,
695 3877 828 3950 soueae
854 3878 954 3948 enim
981 3877 1145 3946 laterales

181 4002 467 4078 obsoletisfimeo
490 4003 560 4106 esse
585 4005 723 4093 solent,
748 4021 802 4094 et,
828 4027 915 4076 oum
936 4002 1064 4076 minus
1080 4002 1146 4071 ob·

376 4141 378 4144 ’
1006 4130 1143 4203 soletao
