2814 4810
264 363 314 441 rt
498 310 505 334 ‘
566 344 615 412 ιι.
649 333 834 415 Taunus.
869 338 906 405 r.
926 337 974 406 11.

376 527 527 610 Thorax
547 519 747 618 coleoptris
773 519 946 604 breuior3
977 520 1127 616 punctis
1150 536 1176 614 4
1196 523 1282 597 dor.

316 663 476 750 salibus,
517 655 544 729 2'
563 653 699 728 scilicet
731 666 818 722 aute
845 637 1055 747 marginer'n
1088 650 1282 746 apiculam,

320 822 340 866 2
363 789 533 868 medium
558 779 684 859 versus
709 774 856 872 pofitis,
881 793 918 848 et
937 794 1122 871 praeterea
1140 777 1284 875 saepius

318 921 439 995 tribus
460 903 747 990 obsoletioribus
767 901 983 978 lateralibus
1004 906 1282 1004 marginalibus,
1400 933 1401 964 ;

318 1043 531 1145 improbius,
556 1038 676 1112 rufus.

374 1177 571 1271 Coleoptra
603 1157 904 1248 rufo-castanea,
944 1161 1109 1234 crebrius
1144 1184 1283 1259 puncta

320 1331 437 1407 quam
461 1304 504 1374 in
529 1273 574 1371 T.
591 1291 862 1399 praecedente„
875 1305 914 1364 et
937 1289 1025 1388 pilia
1047 1286 1286 1363 distinctiori·

275 1503 279 1513 .
319 1441 391 1511 bur
431 1448 543 1528 atque
583 1418 831 1500 crebrioribus
872 1416 960 1491 rufo
973 1459 985 1474 ·
1000 1416 1285 1518 grisescentibua

318 1562 460 1640 vestita.
865 1543 869 1548 ¹

370 1692 562 1768 Abdomen
588 1681 771 1780 pilosum,
800 1676 977 1776 nigrum,
1006 1673 1283 1774 segmentorum

317 1818 551 1920 marginibus
573 1806 994 1882 rufo-fusceaeentibua.

338 1974 341 1980 ’
369 1951 484 2024 Pedes
507 1941 588 2014 rufi.
642 1935 876 2034 Quibusdam
901 1931 1017 2005 huius
1039 1927 1173 2027 speciei
1187 1929 1284 2003 indi·

317 2078 444 2154 viduis
469 2068 553 2144 tarsi
578 2064 694 2139 antici
716 2065 848 2134 breues
870 2080 908 2134 et
933 2058 1080 2132 dilatati
1105 2059 1212 2149 sunt,
1248 2076 1286 2131 et
1400 2103 1401 2106 =

318 2206 495 2284 articulus
510 2197 655 2297 primus
667 2193 849 2267 ursorum
862 2190 1075 2262 mediorum
1089 2189 1262 2260 dilatatus
1270 2212 1284 2270 ς

319 2327 547 2433 quibusdam'
578 2322 664 2396 tarsr
694 2320 810 2394 antici
841 2320 965 2392 multo
988 2316 1114 2389 minus
1140 2309 1285 2387 dilatati

319 2482 358 2537 et
381 2455 467 2534 tarst
488 2451 703 2553 posteriores
724 2472 855 2522 omnes
878 2427 1072 2545 limplioeass

376 2589 417 2668 T.
432 2587 603 2684 inclinant
627 2620 678 2638 -
702 2577 838 2650 Knoch.

367 2689 523 2816 Habitat
537 2709 765 2806 Brunsuigae
789 2743 840 2761 -
863 2710 1017 2792 Lectus,
1039 2699 1163 2774 mense
1174 2697 1283 2790 Maii,

313 2851 359 2924 in
385 2845 523 2941 fytuia,
550 2839 617 2911 sub
641 2835 746 2909 foliis
771 2833 937 2906 deciduis
962 2872 1013 2890 -
1037 2832 1150 2904 Datt.

368 2983 472 3051 Haec
502 2971 636 3071 species
666 2987 706 3042 et
739 2954 976 3060 Tformosus
997 2966 1051 3053 (n.
1066 2960 1145 3054 ις.)
1167 2954 1282 3032 confi·

319 3105 383 3183 nia
407 3099 600 3202 defignant
618 3101 716 3170 inter
730 3089 972 3190 staphylinos
986 3107 1024 3161 et
1037 3086 1283 3190 Tachinoaff-

319 3231 456 3310 Confer
482 3255 578 3333 quae
600 3228 647 3302 de
667 3227 735 3297 hac
758 3218 978 3294 confinitate
999 3242 1035 3315 p.
1054 3237 1111 3289 eo.
1134 3211 1280 3288 monui.

643 3551 906 3582 με*
