<?xml version="1.0" encoding="UTF-8"?>
<!DOCTYPE html PUBLIC "-//W3C//DTD XHTML 1.0 Transitional//EN"
    "http://www.w3.org/TR/xhtml1/DTD/xhtml1-transitional.dtd">
<html xmlns="http://www.w3.org/1999/xhtml" xml:lang="en" lang="en">
 <head>
  <title>
</title>
<meta http-equiv="Content-Type" content="text/html;charset=utf-8" />
  <meta name='ocr-system' content='tesseract 3.04.00' />
  <meta name='ocr-capabilities' content='ocr_page ocr_carea ocr_par ocr_line ocrx_word'/>
</head>
<body>
  <div class='ocr_page' id='page_1' title='image "./monographiacole00gravgoog_0109.png"; bbox 0 0 2804 4798; ppageno 0'>
   <div class='ocr_carea' id='block_1_1' title="bbox 235 325 959 468">
    <p class='ocr_par' dir='ltr' id='par_1_1' title="bbox 235 325 969 468">
     <span class='ocr_line' id='line_1_1' title="bbox 235 325 959 468; baseline -0.005 -24"><span class='ocrx_word' id='word_1_1' title='bbox 235 325 294 461; x_wconf 21' lang='lat'>36,</span> <span class='ocrx_word' id='word_1_2' title='bbox 518 357 585 440; x_wconf 88' lang='lat'>111.</span> <span class='ocrx_word' id='word_1_3' title='bbox 609 350 853 468; x_wconf 62' lang='lat' dir='ltr'>Stapltylinus.</span> <span class='ocrx_word' id='word_1_4' title='bbox 881 375 915 441; x_wconf 91' lang='lat' dir='ltr'>F.</span> <span class='ocrx_word' id='word_1_5' title='bbox 932 375 959 440; x_wconf 86' lang='lat' dir='ltr'>l.</span> 
     </span>
    </p>
   </div>
   <div class='ocr_carea' id='block_1_2' title="bbox 240 553 1367 4106">
    <p class='ocr_par' dir='ltr' id='par_1_2' title="bbox 240 553 1367 4106">
     <span class='ocr_line' id='line_1_2' title="bbox 240 553 1222 654; baseline -0.003 -27"><span class='ocrx_word' id='word_1_6' title='bbox 240 573 301 649; x_wconf 76' lang='lat'>76.</span> <span class='ocrx_word' id='word_1_7' title='bbox 327 553 382 634; x_wconf 84' lang='lat' dir='ltr'>St.</span> <span class='ocrx_word' id='word_1_8' title='bbox 407 557 634 654; x_wconf 77' lang='lat' dir='ltr'>cycnipennis</span> <span class='ocrx_word' id='word_1_9' title='bbox 660 559 715 626; x_wconf 89' lang='grc' dir='ltr'>Μ.</span> <span class='ocrx_word' id='word_1_10' title='bbox 740 577 776 651; x_wconf 85' lang='lat' dir='ltr'>p.</span> <span class='ocrx_word' id='word_1_11' title='bbox 793 561 875 641; x_wconf 72' lang='lat'><strong>168.</strong></span> <span class='ocrx_word' id='word_1_12' title='bbox 1220 637 1222 642; x_wconf 23' lang='grc' dir='ltr'>Ι</span> 
     </span>
     <span class='ocr_line' id='line_1_3' title="bbox 336 679 1248 779; baseline 0.001 -24"><span class='ocrx_word' id='word_1_13' title='bbox 336 684 455 755; x_wconf 82' lang='lat' dir='ltr'>Patria</span> <span class='ocrx_word' id='word_1_14' title='bbox 490 681 676 756; x_wconf 78' lang='lat' dir='ltr'>varietatis</span> <span class='ocrx_word' id='word_1_15' title='bbox 711 679 823 752; x_wconf 86' lang='lat' dir='ltr'><strong>huius</strong></span> <span class='ocrx_word' id='word_1_16' title='bbox 862 682 1094 778; x_wconf 76' lang='lat' dir='ltr'><strong>staphylini,</strong></span> <span class='ocrx_word' id='word_1_17' title='bbox 1128 683 1248 779; x_wconf 76' lang='lat' dir='ltr'>capite</span> 
     </span>
     <span class='ocr_line' id='line_1_4' title="bbox 290 808 1249 908; baseline 0 -25"><span class='ocrx_word' id='word_1_18' title='bbox 290 811 451 899; x_wconf 74' lang='lat' dir='ltr'>maiore,</span> <span class='ocrx_word' id='word_1_19' title='bbox 489 834 602 908; x_wconf 82' lang='lat' dir='ltr'><strong>qnam</strong></span> <span class='ocrx_word' id='word_1_20' title='bbox 636 835 656 880; x_wconf 92' lang='lat' dir='ltr'>e</span> <span class='ocrx_word' id='word_1_21' title='bbox 691 808 911 881; x_wconf 86' lang='lat' dir='ltr'>collectione</span> <span class='ocrx_word' id='word_1_22' title='bbox 939 811 1150 882; x_wconf 74' lang='lat' dir='ltr'>Knoclziona</span> <span class='ocrx_word' id='word_1_23' title='bbox 1189 814 1249 883; x_wconf 87' lang='lat' dir='ltr'>de·</span> 
     </span>
     <span class='ocr_line' id='line_1_5' title="bbox 290 919 1036 1034; baseline -0.003 -22"><span class='ocrx_word' id='word_1_24' title='bbox 290 919 435 1034; x_wconf 76' lang='lat' dir='ltr'>scripli‚</span> <span class='ocrx_word' id='word_1_25' title='bbox 460 939 629 1012; x_wconf 78' lang='lat' dir='ltr'>Americc</span> <span class='ocrx_word' id='word_1_26' title='bbox 657 936 953 1031; x_wconf 81' lang='lat' dir='ltr'>septentrionalis</span> <span class='ocrx_word' id='word_1_27' title='bbox 978 936 1036 1011; x_wconf 72' lang='lat' dir='ltr'>etl.</span> 
     </span>
     <span class='ocr_line' id='line_1_6' title="bbox 341 1062 1251 1164; baseline -0.001 -21"><span class='ocrx_word' id='word_1_28' title='bbox 341 1072 466 1143; x_wconf 84' lang='lat' dir='ltr'>Altera</span> <span class='ocrx_word' id='word_1_29' title='bbox 483 1068 654 1153; x_wconf 73' lang='lat' dir='ltr'>varietas,</span> <span class='ocrx_word' id='word_1_30' title='bbox 677 1062 794 1156; x_wconf 87' lang='lat' dir='ltr'>capite</span> <span class='ocrx_word' id='word_1_31' title='bbox 812 1065 975 1150; x_wconf 87' lang='lat' dir='ltr'>minore,</span> <span class='ocrx_word' id='word_1_32' title='bbox 990 1068 1152 1164; x_wconf 79' lang='lat' dir='ltr'>&#39;reliquie</span> <span class='ocrx_word' id='word_1_33' title='bbox 1169 1071 1251 1142; x_wconf 84' lang='lat' dir='ltr'>cha·</span> 
     </span>
     <span class='ocr_line' id='line_1_7' title="bbox 269 1169 1251 1293; baseline -0.003 -23"><span class='ocrx_word' id='word_1_34' title='bbox 269 1169 273 1180; x_wconf 30' lang='grc' dir='ltr'>Ι</span> <span class='ocrx_word' id='word_1_35' title='bbox 292 1175 494 1286; x_wconf 66' lang='lat' dir='ltr'>ricteribns</span> <span class='ocrx_word' id='word_1_36' title='bbox 515 1214 640 1265; x_wconf 83' lang='lat' dir='ltr'>autem</span> <span class='ocrx_word' id='word_1_37' title='bbox 665 1218 750 1263; x_wconf 88' lang='lat' dir='ltr'>cum</span> <span class='ocrx_word' id='word_1_38' title='bbox 767 1191 831 1264; x_wconf 82' lang='lat' dir='ltr'>illa</span> <span class='ocrx_word' id='word_1_39' title='bbox 845 1193 1013 1286; x_wconf 83' lang='lat' dir='ltr'>prorsum</span> <span class='ocrx_word' id='word_1_40' title='bbox 1030 1220 1251 1293; x_wconf 80' lang='lat' dir='ltr'><strong>congruens,</strong></span> 
     </span>
     <span class='ocr_line' id='line_1_8' title="bbox 292 1319 1252 1416; baseline 0.002 -20"><span class='ocrx_word' id='word_1_41' title='bbox 292 1323 436 1396; x_wconf 81' lang='lat' dir='ltr'>habitat</span> <span class='ocrx_word' id='word_1_42' title='bbox 460 1319 603 1394; x_wconf 82' lang='lat' dir='ltr'>Patifiis</span> <span class='ocrx_word' id='word_1_43' title='bbox 622 1338 659 1391; x_wconf 92' lang='lat' dir='ltr'>et</span> <span class='ocrx_word' id='word_1_44' title='bbox 683 1345 798 1416; x_wconf 82' lang='lat' dir='ltr'>prope</span> <span class='ocrx_word' id='word_1_45' title='bbox 821 1321 1131 1412; x_wconf 80' lang='lat' dir='ltr'>Fontainebleeu,</span> <span class='ocrx_word' id='word_1_46' title='bbox 1153 1343 1189 1396; x_wconf 90' lang='lat' dir='ltr'>et</span> <span class='ocrx_word' id='word_1_47' title='bbox 1204 1319 1252 1397; x_wconf 75' lang='lat' dir='ltr'>‘est</span> 
     </span>
     <span class='ocr_line' id='line_1_9' title="bbox 292 1442 1070 1538; baseline -0.003 -16"><span class='ocrx_word' id='word_1_48' title='bbox 292 1474 403 1524; x_wconf 84' lang='lat' dir='ltr'>verus</span> <span class='ocrx_word' id='word_1_49' title='bbox 547 1531 549 1538; x_wconf 15' lang='lat' dir='ltr'>y</span> <span class='ocrx_word' id='word_1_50' title='bbox 1065 1442 1070 1460; x_wconf 80' lang='grc'><em>’</em></span> 
     </span>
     <span class='ocr_line' id='line_1_10' title="bbox 347 1576 1167 1677; baseline 0.001 -28"><span class='ocrx_word' id='word_1_51' title='bbox 347 1576 403 1656; x_wconf 82' lang='lat' dir='ltr'>St.</span> <span class='ocrx_word' id='word_1_52' title='bbox 427 1578 654 1677; x_wconf 75' lang='lat' dir='ltr'>cycrtipennis</span> <span class='ocrx_word' id='word_1_53' title='bbox 673 1577 777 1650; x_wconf 76' lang='lat' dir='ltr'>Febr.</span> <span class='ocrx_word' id='word_1_54' title='bbox 802 1583 887 1649; x_wconf 90' lang='lat' dir='ltr'>Ent.</span> <span class='ocrx_word' id='word_1_55' title='bbox 913 1581 949 1650; x_wconf 84' lang='lat' dir='ltr'>S.</span> <span class='ocrx_word' id='word_1_56' title='bbox 976 1583 1026 1650; x_wconf 89' lang='lat' dir='ltr'>St.</span> <span class='ocrx_word' id='word_1_57' title='bbox 1054 1603 1092 1649; x_wconf 91' lang='lat' dir='ltr'>n.</span> <span class='ocrx_word' id='word_1_58' title='bbox 1110 1603 1167 1673; x_wconf 78' lang='lat'>29.</span> 
     </span>
     <span class='ocr_line' id='line_1_11' title="bbox 349 1705 1252 1795; baseline 0.004 -17"><span class='ocrx_word' id='word_1_59' title='bbox 349 1705 405 1785; x_wconf 82' lang='lat' dir='ltr'>St.</span> <span class='ocrx_word' id='word_1_60' title='bbox 433 1731 600 1777; x_wconf 83' lang='lat' dir='ltr'>amoenus</span> <span class='ocrx_word' id='word_1_61' title='bbox 623 1706 679 1776; x_wconf 93' lang='lat' dir='ltr'>Ol.</span> <span class='ocrx_word' id='word_1_62' title='bbox 702 1711 787 1775; x_wconf 87' lang='lat' dir='ltr'>Eut.</span> <span class='ocrx_word' id='word_1_63' title='bbox 816 1711 867 1776; x_wconf 91' lang='lat' dir='ltr'>St.</span> <span class='ocrx_word' id='word_1_64' title='bbox 893 1730 931 1778; x_wconf 88' lang='lat' dir='ltr'>n.</span> <span class='ocrx_word' id='word_1_65' title='bbox 948 1729 1006 1794; x_wconf 80' lang='lat'>32.</span> <span class='ocrx_word' id='word_1_66' title='bbox 1032 1724 1060 1777; x_wconf 92' lang='lat' dir='ltr'>t.</span> <span class='ocrx_word' id='word_1_67' title='bbox 1071 1713 1130 1781; x_wconf 90' lang='lat' dir='ltr'>IV.</span> <span class='ocrx_word' id='word_1_68' title='bbox 1155 1707 1180 1780; x_wconf 81' lang='lat' dir='ltr'>f.</span> <span class='ocrx_word' id='word_1_69' title='bbox 1195 1713 1252 1795; x_wconf 83' lang='lat'>36.</span> 
     </span>
     <span class='ocr_line' id='line_1_12' title="bbox 246 1835 843 1935; baseline -0.013 -25"><span class='ocrx_word' id='word_1_70' title='bbox 246 1863 305 1935; x_wconf 88' lang='lat'>79.</span> <span class='ocrx_word' id='word_1_71' title='bbox 335 1839 390 1916; x_wconf 82' lang='lat' dir='ltr'>St.</span> <span class='ocrx_word' id='word_1_72' title='bbox 413 1837 611 1910; x_wconf 82' lang='lat' dir='ltr'>metallicus</span> <span class='ocrx_word' id='word_1_73' title='bbox 631 1838 687 1903; x_wconf 90' lang='grc' dir='ltr'>Μ.</span> <span class='ocrx_word' id='word_1_74' title='bbox 714 1857 748 1925; x_wconf 87' lang='lat' dir='ltr'>p.</span> <span class='ocrx_word' id='word_1_75' title='bbox 763 1835 843 1916; x_wconf 78' lang='lat'>163.</span> 
     </span>
     <span class='ocr_line' id='line_1_13' title="bbox 272 1961 1255 2061; baseline -0.002 -21"><span class='ocrx_word' id='word_1_76' title='bbox 272 1972 316 2041; x_wconf 93' lang='lat' dir='ltr'><em>V</em></span> <span class='ocrx_word' id='word_1_77' title='bbox 312 1971 444 2039; x_wconf 73' lang='lat' dir='ltr'>arietes</span> <span class='ocrx_word' id='word_1_78' title='bbox 465 1963 568 2061; x_wconf 79' lang='lat' dir='ltr'>nigre</span> <span class='ocrx_word' id='word_1_79' title='bbox 590 1962 772 2044; x_wconf 81' lang='lat' dir='ltr'>nitidula3</span> <span class='ocrx_word' id='word_1_80' title='bbox 794 1961 913 2057; x_wconf 86' lang='lat' dir='ltr'>capite</span> <span class='ocrx_word' id='word_1_81' title='bbox 935 1980 1080 2052; x_wconf 83' lang='lat' dir='ltr'>eutem,</span> <span class='ocrx_word' id='word_1_82' title='bbox 1106 1965 1255 2038; x_wconf 84' lang='lat' dir='ltr'>thorace</span> 
     </span>
     <span class='ocr_line' id='line_1_14' title="bbox 297 2087 1255 2186; baseline 0.001 -21"><span class='ocrx_word' id='word_1_83' title='bbox 297 2094 501 2186; x_wconf 85' lang='lat' dir='ltr'>clyttisque</span> <span class='ocrx_word' id='word_1_84' title='bbox 525 2087 746 2160; x_wconf 81' lang='lat' dir='ltr'>nitidiffimis</span> <span class='ocrx_word' id='word_1_85' title='bbox 771 2089 925 2162; x_wconf 88' lang='lat' dir='ltr'>obscuro</span> <span class='ocrx_word' id='word_1_86' title='bbox 939 2135 955 2150; x_wconf 93' lang='lat'><em>-</em></span> <span class='ocrx_word' id='word_1_87' title='bbox 970 2091 1106 2162; x_wconf 84' lang='lat' dir='ltr'><strong>viridi·</strong></span> <span class='ocrx_word' id='word_1_88' title='bbox 1121 2092 1255 2166; x_wconf 81' lang='lat' dir='ltr'>aeneis.</span> 
     </span>
     <span class='ocr_line' id='line_1_15' title="bbox 273 2194 1256 2320; baseline -0.001 -29"><span class='ocrx_word' id='word_1_89' title='bbox 273 2219 510 2320; x_wconf 75' lang='lat' dir='ltr'>Staphylinus</span> <span class='ocrx_word' id='word_1_90' title='bbox 542 2218 671 2287; x_wconf 85' lang='lat' dir='ltr'>habitu</span> <span class='ocrx_word' id='word_1_91' title='bbox 701 2194 739 2287; x_wconf 75' lang='lat' dir='ltr'>et¹</span> <span class='ocrx_word' id='word_1_92' title='bbox 767 2220 932 2312; x_wconf 79' lang='lat' dir='ltr'>partium</span> <span class='ocrx_word' id='word_1_93' title='bbox 958 2217 1079 2290; x_wconf 77' lang='lat' dir='ltr'>Forma</span> <span class='ocrx_word' id='word_1_94' title='bbox 1106 2243 1146 2288; x_wconf 81' lang='lat' dir='ltr'>ac</span> <span class='ocrx_word' id='word_1_95' title='bbox 1172 2245 1256 2314; x_wconf 87' lang='lat' dir='ltr'>pro·</span> 
     </span>
     <span class='ocr_line' id='line_1_16' title="bbox 263 2325 1257 2444; baseline 0.003 -27"><span class='ocrx_word' id='word_1_96' title='bbox 263 2346 489 2444; x_wconf 80' lang='lat' dir='ltr'>&#39;portione,</span> <span class='ocrx_word' id='word_1_97' title='bbox 537 2371 604 2417; x_wconf 91' lang='lat' dir='ltr'>nec</span> <span class='ocrx_word' id='word_1_98' title='bbox 645 2335 735 2417; x_wconf 88' lang='lat' dir='ltr'>non</span> <span class='ocrx_word' id='word_1_99' title='bbox 758 2343 890 2417; x_wconf 81' lang='lat' dir='ltr'>statura</span> <span class='ocrx_word' id='word_1_100' title='bbox 929 2325 974 2418; x_wconf 82' lang='lat' dir='ltr'>et</span> <span class='ocrx_word' id='word_1_101' title='bbox 998 2346 1257 2444; x_wconf 83' lang='lat' dir='ltr'>magnitudine</span> 
     </span>
     <span class='ocr_line' id='line_1_17' title="bbox 298 2473 1256 2569; baseline 0 -21"><span class='ocrx_word' id='word_1_102' title='bbox 298 2475 460 2548; x_wconf 89' lang='lat' dir='ltr'>omnino</span> <span class='ocrx_word' id='word_1_103' title='bbox 486 2473 539 2552; x_wconf 87' lang='lat' dir='ltr'>St.</span> <span class='ocrx_word' id='word_1_104' title='bbox 561 2477 750 2562; x_wconf 83' lang='lat' dir='ltr'><em>metallici,</em></span> <span class='ocrx_word' id='word_1_105' title='bbox 786 2477 903 2569; x_wconf 80' lang='lat' dir='ltr'>capite</span> <span class='ocrx_word' id='word_1_106' title='bbox 935 2494 1060 2548; x_wconf 79' lang='lat' dir='ltr'>autem</span> <span class='ocrx_word' id='word_1_107' title='bbox 1090 2474 1256 2549; x_wconf 86' lang='lat' dir='ltr'>suborbi·</span> 
     </span>
     <span class='ocr_line' id='line_1_18' title="bbox 298 2602 1257 2698; baseline 0.002 -22"><span class='ocrx_word' id='word_1_108' title='bbox 298 2607 442 2691; x_wconf 83' lang='lat' dir='ltr'>culcto‚</span> <span class='ocrx_word' id='word_1_109' title='bbox 477 2602 605 2692; x_wconf 80' lang='lat' dir='ltr'>elytris</span> <span class='ocrx_word' id='word_1_110' title='bbox 639 2602 921 2698; x_wconf 80' lang='lat' dir='ltr'>nigro-aeneis,</span> <span class='ocrx_word' id='word_1_111' title='bbox 961 2605 1074 2676; x_wconf 86' lang='lat' dir='ltr'><strong>huius</strong></span> <span class='ocrx_word' id='word_1_112' title='bbox 1103 2608 1257 2678; x_wconf 74' lang='lat' dir='ltr'>varietas</span> 
     </span>
     <span class='ocr_line' id='line_1_19' title="bbox 299 2728 1059 2806; baseline -0.003 0"><span class='ocrx_word' id='word_1_113' title='bbox 299 2733 358 2806; x_wconf 85' lang='lat' dir='ltr'>est.</span> <span class='ocrx_word' id='word_1_114' title='bbox 385 2775 429 2786; x_wconf 86' lang='lat'>-</span> <span class='ocrx_word' id='word_1_115' title='bbox 468 2730 622 2802; x_wconf 79' lang='lat' dir='ltr'><strong>Habitat</strong></span> <span class='ocrx_word' id='word_1_116' title='bbox 643 2728 785 2802; x_wconf 74' lang='lat' dir='ltr'>Parilis</span> <span class='ocrx_word' id='word_1_117' title='bbox 812 2774 855 2787; x_wconf 93' lang='lat'><em>-</em></span> <span class='ocrx_word' id='word_1_118' title='bbox 881 2734 1059 2804; x_wconf 81' lang='lat' dir='ltr'>Lotreille.</span> 
     </span>
     <span class='ocr_line' id='line_1_20' title="bbox 249 2863 750 2953; baseline -0.006 -21"><span class='ocrx_word' id='word_1_119' title='bbox 249 2886 308 2953; x_wconf 78' lang='lat'>80·</span> <span class='ocrx_word' id='word_1_120' title='bbox 336 2863 389 2940; x_wconf 82' lang='lat' dir='ltr'>St.</span> <span class='ocrx_word' id='word_1_121' title='bbox 414 2883 543 2932; x_wconf 84' lang='lat' dir='ltr'>aeneus</span> <span class='ocrx_word' id='word_1_122' title='bbox 568 2863 623 2929; x_wconf 91' lang='grc' dir='ltr'>Μ.</span> <span class='ocrx_word' id='word_1_123' title='bbox 644 2885 679 2953; x_wconf 91' lang='lat' dir='ltr'>p.</span> <span class='ocrx_word' id='word_1_124' title='bbox 694 2883 750 2946; x_wconf 90' lang='lat'>17.</span> 
     </span>
     <span class='ocr_line' id='line_1_21' title="bbox 275 2984 1259 3086; baseline 0.001 -23"><span class='ocrx_word' id='word_1_125' title='bbox 275 2994 411 3063; x_wconf 71' lang='lat' dir='ltr'>Variae</span> <span class='ocrx_word' id='word_1_126' title='bbox 439 2986 593 3082; x_wconf 80' lang='lat' dir='ltr'>pedibus</span> <span class='ocrx_word' id='word_1_127' title='bbox 621 2985 869 3081; x_wconf 82' lang='lat' dir='ltr'><strong>antennisque</strong></span> <span class='ocrx_word' id='word_1_128' title='bbox 893 2984 1009 3085; x_wconf 83' lang='lat' dir='ltr'><strong>nigris</strong></span> <span class='ocrx_word' id='word_1_129' title='bbox 1036 3006 1092 3078; x_wconf 89' lang='lat' dir='ltr'>et,</span> <span class='ocrx_word' id='word_1_130' title='bbox 1129 3015 1259 3086; x_wconf 85' lang='lat' dir='ltr'>qnem-</span> 
     </span>
     <span class='ocr_line' id='line_1_22' title="bbox 297 3105 1258 3194; baseline 0.007 -6"><span class='ocrx_word' id='word_1_131' title='bbox 297 3119 356 3188; x_wconf 86' lang='lat' dir='ltr'>vis</span> <span class='ocrx_word' id='word_1_132' title='bbox 391 3109 566 3187; x_wconf 82' lang='lat' dir='ltr'>rnriffitne</span> <span class='ocrx_word' id='word_1_133' title='bbox 602 3131 638 3184; x_wconf 89' lang='lat' dir='ltr'>et</span> <span class='ocrx_word' id='word_1_134' title='bbox 669 3114 781 3184; x_wconf 89' lang='lat' dir='ltr'>vnico</span> <span class='ocrx_word' id='word_1_135' title='bbox 817 3130 965 3183; x_wconf 77' lang='lat' dir='ltr'>tantuin</span> <span class='ocrx_word' id='word_1_136' title='bbox 1000 3105 1201 3193; x_wconf 72' lang='lat' dir='ltr'>indiuiduo</span> <span class='ocrx_word' id='word_1_137' title='bbox 1237 3147 1258 3194; x_wconf 85' lang='lat' dir='ltr'>e</span> 
     </span>
     <span class='ocr_line' id='line_1_23' title="bbox 299 3238 1073 3327; baseline -0.004 -7"><span class='ocrx_word' id='word_1_138' title='bbox 299 3243 518 3319; x_wconf 79' lang='lat' dir='ltr'>collectione</span> <span class='ocrx_word' id='word_1_139' title='bbox 542 3244 801 3327; x_wconf 84' lang='lat' dir='ltr'>Latreillecnn‚</span> <span class='ocrx_word' id='word_1_140' title='bbox 828 3238 1073 3317; x_wconf 82' lang='lat' dir='ltr'>rufo-fuscis.</span> 
     </span>
     <span class='ocr_line' id='line_1_24' title="bbox 270 3365 1258 3470; baseline 0.008 -26"><span class='ocrx_word' id='word_1_141' title='bbox 270 3372 479 3470; x_wconf 86' lang='lat' dir='ltr'>Specimina</span> <span class='ocrx_word' id='word_1_142' title='bbox 502 3369 682 3465; x_wconf 78' lang='lat' dir='ltr'>quaedem</span> <span class='ocrx_word' id='word_1_143' title='bbox 709 3368 794 3437; x_wconf 84' lang='lat' dir='ltr'>sunt</span> <span class='ocrx_word' id='word_1_144' title='bbox 818 3365 859 3436; x_wconf 91' lang='lat' dir='ltr'>in</span> <span class='ocrx_word' id='word_1_145' title='bbox 878 3369 1007 3442; x_wconf 83' lang='lat' dir='ltr'>ecdem</span> <span class='ocrx_word' id='word_1_146' title='bbox 1026 3376 1258 3467; x_wconf 85' lang='lat' dir='ltr'>collectione,</span> 
     </span>
     <span class='ocr_line' id='line_1_25' title="bbox 298 3495 1367 3596; baseline -0.007 -22"><span class='ocrx_word' id='word_1_147' title='bbox 298 3499 401 3574; x_wconf 79' lang='lat' dir='ltr'>tarfis</span> <span class='ocrx_word' id='word_1_148' title='bbox 441 3495 577 3570; x_wconf 79' lang='lat' dir='ltr'>anticio</span> <span class='ocrx_word' id='word_1_149' title='bbox 617 3495 897 3592; x_wconf 79' lang='lat' dir='ltr'>gracilioribus,</span> <span class='ocrx_word' id='word_1_150' title='bbox 948 3501 1065 3594; x_wconf 78' lang='lat' dir='ltr'>capite</span> <span class='ocrx_word' id='word_1_151' title='bbox 1098 3504 1258 3596; x_wconf 87' lang='lat' dir='ltr'>minore,</span> <span class='ocrx_word' id='word_1_152' title='bbox 1364 3561 1367 3566; x_wconf 88' lang='lat'><strong>.</strong></span> 
     </span>
     <span class='ocr_line' id='line_1_26' title="bbox 298 3605 1303 3738; baseline 0.006 -39"><span class='ocrx_word' id='word_1_153' title='bbox 298 3627 448 3726; x_wconf 84' lang='lat' dir='ltr'>punctis</span> <span class='ocrx_word' id='word_1_154' title='bbox 482 3605 755 3710; x_wconf 73' lang='lat' dir='ltr'>subtilioribns,</span> <span class='ocrx_word' id='word_1_155' title='bbox 797 3629 1092 3719; x_wconf 73' lang='lat' dir='ltr'>quaentedium</span> <span class='ocrx_word' id='word_1_156' title='bbox 1127 3611 1260 3705; x_wconf 84' lang='lat' dir='ltr'>tenent</span> <span class='ocrx_word' id='word_1_157' title='bbox 1297 3720 1303 3738; x_wconf 35' lang='grc' dir='ltr'><strong><em>Ι</em></strong></span> 
     </span>
     <span class='ocr_line' id='line_1_27' title="bbox 299 3753 1260 3860; baseline 0.004 -34"><span class='ocrx_word' id='word_1_158' title='bbox 299 3757 399 3828; x_wconf 87' lang='lat' dir='ltr'>inter</span> <span class='ocrx_word' id='word_1_159' title='bbox 424 3753 478 3830; x_wconf 83' lang='lat' dir='ltr'>St.</span> <span class='ocrx_word' id='word_1_160' title='bbox 505 3779 653 3826; x_wconf 84' lang='lat' dir='ltr'>aeneum</span> <span class='ocrx_word' id='word_1_161' title='bbox 680 3769 716 3823; x_wconf 88' lang='lat' dir='ltr'>et</span> <span class='ocrx_word' id='word_1_162' title='bbox 738 3756 912 3851; x_wconf 78' lang='lat' dir='ltr'>politum,</span> <span class='ocrx_word' id='word_1_163' title='bbox 946 3773 1059 3854; x_wconf 77' lang='lat' dir='ltr'>atque</span> <span class='ocrx_word' id='word_1_164' title='bbox 1079 3762 1260 3860; x_wconf 82' lang='lat' dir='ltr'>gradatim</span> 
     </span>
     <span class='ocr_line' id='line_1_28' title="bbox 298 3880 961 3961; baseline 0.011 -7"><span class='ocrx_word' id='word_1_165' title='bbox 298 3884 339 3954; x_wconf 89' lang='lat' dir='ltr'>in</span> <span class='ocrx_word' id='word_1_166' title='bbox 364 3883 467 3952; x_wconf 89' lang='lat' dir='ltr'>hunc</span> <span class='ocrx_word' id='word_1_167' title='bbox 489 3899 525 3950; x_wconf 90' lang='lat' dir='ltr'>et</span> <span class='ocrx_word' id='word_1_168' title='bbox 551 3880 591 3950; x_wconf 95' lang='lat' dir='ltr'>in</span> <span class='ocrx_word' id='word_1_169' title='bbox 617 3881 730 3954; x_wconf 88' lang='lat' dir='ltr'>illum</span> <span class='ocrx_word' id='word_1_170' title='bbox 757 3901 961 3961; x_wconf 76' lang='lat' dir='ltr'>transeunt.</span> 
     </span>
     <span class='ocr_line' id='line_1_29' title="bbox 250 4010 816 4106; baseline -0.002 -21"><span class='ocrx_word' id='word_1_171' title='bbox 250 4033 309 4102; x_wconf 73' lang='lat'>31.</span> <span class='ocrx_word' id='word_1_172' title='bbox 333 4010 387 4092; x_wconf 84' lang='lat' dir='ltr'>St.</span> <span class='ocrx_word' id='word_1_173' title='bbox 407 4013 603 4084; x_wconf 82' lang='lat' dir='ltr'>taminatus</span> <span class='ocrx_word' id='word_1_174' title='bbox 626 4015 681 4084; x_wconf 90' lang='grc' dir='ltr'>Μ.</span> <span class='ocrx_word' id='word_1_175' title='bbox 707 4035 743 4106; x_wconf 82' lang='lat' dir='ltr'>p.</span> <span class='ocrx_word' id='word_1_176' title='bbox 760 4017 816 4085; x_wconf 76' lang='lat'>16.</span> 
     </span>
    </p>
   </div>
   <div class='ocr_carea' id='block_1_3' title="bbox 1123 4143 1265 4244">
    <p class='ocr_par' dir='ltr' id='par_1_3' title="bbox 1123 4143 1265 4244">
     <span class='ocr_line' id='line_1_30' title="bbox 1123 4143 1265 4244; baseline -0.035 -18"><span class='ocrx_word' id='word_1_177' title='bbox 1123 4143 1265 4244; x_wconf 84' lang='lat' dir='ltr'>Species</span> 
     </span>
    </p>
   </div>
   <div class='ocr_carea' id='block_1_4' title="bbox 0 0 1423 4798">
    <p class='ocr_par' dir='ltr' id='par_1_4' title="bbox 0 0 1423 4798">
     <span class='ocr_line' id='line_1_31' title="bbox 0 0 1423 4798; baseline 0 0"><span class='ocrx_word' id='word_1_178' title='bbox 0 0 1423 4798; x_wconf 95' lang='lat' dir='ltr'> </span> 
     </span>
    </p>
   </div>
  </div>
 </body>
</html>
