2814 4810
557 462 797 534 retemta.
1138 487 1183 540 11

170 637 311 696 'curare
352 617 511 721 poil'ent.
578 629 611 700 E
647 631 812 729 proprie¹
839 639 1074 734 experientia
1105 673 1180 751 ego

168 747 363 822 affirmare
389 748 559 847 possum,
585 758 809 832 Dominum
829 762 948 836 Dalii
969 770 1011 844 in
1033 773 1095 850 his
1111 803 1179 856 ne·

168 876 287 974 gotiis
312 879 481 950 maxime
508 879 729 958 affabilitate
752 901 792 960 et
815 885 892 964 fide
918 919 1041 994 agere.

242 1003 426 1100 Denique
449 1006 568 1080 etiam
592 1011 770 1087 Domino
796 1003 926 1094 Stzcrm
944 1028 1176 1110 Norimber·

163 1153 253 1228 gae,
289 1132 358 1228 qui
387 1158 546 1209 mecum
581 1139 810 1241 Coleoptcra
837 1135 1081 1253 Niicroptera
1105 1162 1175 1240 sua

162 1257 355 1334 beneuole
394 1265 724 1358 communicauit‚
768 1275 909 1369 gratias
945 1279 1010 1355 hic
1043 1285 1173 1368 habeo

159 1386 347 1490 publicas.
408 1390 609 1468 Debemus
641 1394 679 1470 ci
710 1396 844 1497 plures
876 1429 1002 1484 nouas
1028 1410 1174 1518 species

159 1525 201 1584 et
224 1517 437 1596 varietatee

524 1646 548 1690 e
783 1656 807 1702 e
1229 1703 1235 1720 .

235 1728 385 1828 Scripta
415 1747 621 1826 autorum,
655 1737 815 1834 quibus,
846 1763 999 1844 praeter
1031 1755 1096 1832 itta
1126 1762 1170 1839 in

157 1854 458 1961 Monograplzia
490 1864 821 1962 Micropterorum
842 1876 1170 1983 Brunsuicenfium

151 2009 239 2084 pag.
253 1991 351 2062 XXI.
375 1987 575 2080 recenfita,
597 1992 639 2068 in
663 1994 735 2074 hcc
762 2001 1052 2102 Monographia
1074 2012 1168 2092 vius

149 2111 256 2203 sum,
280 2113 375 2190 haec
398 2113 508 2198 sunt:

507 2263 533 2309 1.
556 2244 651 2310 Febr.
674 2249 806 2316 Eleuth.

195 2347 268 2414 Ich.
304 2339 426 2433 Christ.
462 2347 603 2412 Fabricii
631 2367 689 2420 etc.
719 2355 857 2435 systema
886 2361 1161 2442 Eicuthentorum

235 2467 293 2519 etc.
316 2453 439 2515 Tomut
457 2453 495 2515 11.
515 2453 622 2516 Kiiiae
646 2465 737 2526 1801.
758 2467 785 2528 8.
807 2463 1035 2551 (Staphyliieus
1051 2501 1080 2560 p.
1093 2489 1163 2560 389·

234 2553 346 2616 senus
367 2577 400 2638 p.
413 2555 484 2619 602.
514 2557 687 2639 Oxyporus
708 2585 738 2648 p.
754 2566 827 2642 604.
851 2571 1009 2640 Paedcrus
1030 2603 1060 2665 p.
1071 2580 1146 2666 608)

457 2688 485 2731 τ.
508 2666 634 2758 Herbst'
651 2673 732 2736 Nat.
754 2677 786 2738 d.
810 2679 851 2742 K.

189 2761 423 2856 Natursyjtem
452 2770 533 2832 cilcr
556 2771 728 2838 het-annecti
751 2782 808 2842 in·
831 2783 898 2842 und
916 2790 1160 2884 auslcthdischcn

231 2867 379 2964 Infihtcn
407 2896 470 2938 von
493 2877 572 2944 Cari
595 2874 720 2968 Gustav
742 2883 934 2970 Jabtousty,
964 2889 1159 2988 sortgcsetzt

227 2999 293 3040 von
319 2979 393 3044 Ioh.
427 2980 551 3048 Friedr.
580 2980 688 3052 With.
717 2989 845 3070 Ilcrhst.
874 3025 916 3044 -
957 3001 1026 3065 Di.
1049 3001 1156 3097 Mser

225 3079 387 3163 Th.1·9.
407 3077 536 3161 Ber'lin¹
561 3094 686 3161 1785‘-
700 3077 790 3158 1'801.
814 3101 842 3159 8.

223 3193 225 3200 '
512 3219 542 3272 ς.
564 3199 709 3286 Ljungh.
734 3205 783 3274 St.

183 3291 416 3377 Monographia
443 3299 629 3374 Sanctum.
661 3322 792 3372 auctore
822 3309 961 3376 suenone
981 3319 1156 3402 Ingcmcrc

224 3401 376 3487 Ljungh‚
407 3403 442 3462 in
466 3405 589 3467 Archiv
612 3399 677 3492 fiir
697 3411 747 3472 dic
768 3407 1006 3512 systematischc
1025 3428 1151 3490 Natur.

225 3503 416 3587 geschichte,
437 3505 684 3591 hcrausgegcbcn
706 3535 769 3577 von
792 3517 858 3586 Dr.
885 3522 1005 3592 Friedr.
1032 3527 1152 3592 Weber

224 3609 288 3669 und
321 3608 390 3673 Dr.
425 3607 473 3674 D.
504 3611 556 3679 M.
577 3613 622 3678 H.
645 3619 757 3686 Mohr.
783 3623 819 3691 B.
840 3625 864 3690 1.
892 3627 937 3692 St.
957 3648 985 3698 t.
1017 3633 1150 3724 Leipzig

221 3717 312 3794 1804·
337 3719 366 3778 8·
391 3716 477 3798 (eae
494 3721 563 3799 ⁵9)-

588 3847 617 3906 4.
643 3831 695 3901 M.
1017 3902 1020 3910 ,

177 3926 367 4008 Coleoptere
389 3929 584 4014 Microptera
607 3935 847 4006 Bruncuiceufic
867 3963 927 4006 nec
946 3967 1011 4010 non
1039 3951 1145 4013 Exoti·

220 4052 331 4095 corum
352 4047 510 4116 quotquot
531 4035 649 4101 exstant
672 4043 707 4104 in
730 4048 971 4116 collectionibus
993 4055 1146 4118 Entomo·

218 4137 365 4229 iugorum
401 4139 700 4224 bruneuicenfium,
735 4151 771 4214 in
805 4171 925 4238 genera
948 4155 1085 4224 familia·
1113 4175 1146 4223 et

1024 4259 1145 4346 speciei
