2804 4798
512 372 575 440 VI.
601 365 820 444 Aleochar'a.
1105 397 1175 472 145

150 557 214 633 seu
249 555 452 632 obcordato
487 553 689 650 coleopt'ria
722 555 888 647 minore,
927 558 1064 657 optimi
1088 557 1171 638 ciria

150 689 376 760 characteres
400 683 498 758 sunt.
525 723 576 741 -
607 685 668 756 At.
690 686 790 779 picea
816 702 853 756 et
877 691 1004 788 nigra,
1029 685 1168 790 quibua

151 815 306 912 quidem
332 813 520 908 coleoptra
545 813 632 884 sunt
656 807 889 884 subtilisfime
913 836 1070 910 puncta,
1098 817 1168 894 nec

149 939 224 1014 bati
251 939 405 1014 sulculis
429 938 617 1035 impressa,
642 939 690 1010 ob
709 939 871 1013 formam
887 961 1011 1016 autem
1030 957 1068 1018 et
1085 973 1169 1042 pro-

148 1070 363 1164 portionem
398 1069 564 1142 thoracia
597 1070 750 1143 meliore
781 1069 862 1141 iure
888 1073 975 1143 huic
999 1072 1166 1152 familiae

148 1197 263 1293 quarn
285 1196 457 1295 sequenti
477 1194 712 1286 inseruntur,
739 1215 777 1270 et
800 1195 963 1272 iimitem
983 1203 1083 1298 quafi
1104 1205 1165 1278 de-
1211 1207 1214 1212 ’

146 1321 314 1432 fignant,
353 1350 429 1422 quo
463 1331 550 1420 (per
573 1328 633 1397 Al.
658 1319 858 1424 aethiopem
888 1330 1030 1401 anatem
1047 1349 1162 1408 etue

145 1453 289 1528 familia
314 1450 438 1548 tertia)
464 1455 552 1524 haec
574 1433 720 1526 familia
746 1457 873 1526 tertiae
890 1455 1162 1556 adpropinqua·

143 1583 228 1666 'tur3
259 1577 465 1654 differentia
495 1580 608 1653 etiam
632 1577 904 1682 magnitudinis
930 1585 1093 1660 thoracis
1120 1607 1159 1662 et

143 1710 419 1805 coleoptrorum
446 1709 570 1781 minor
590 1705 638 1781 est
661 1707 701 1781 in
719 1711 777 1782 his
793 1710 936 1784 duabus
952 1711 1154 1809 speciebus,

143 1865 257 1939 quam
282 1838 324 1911 in
350 1837 507 1934 reliquis
532 1837 699 1910 familiae
714 1843 761 1909 11.

216 1969 369 2039 Familia
379 1961 444 2039 111.
467 1963 652 2054 continet,
674 1967 816 2062 praeter
837 1983 956 2039 totam
970 1965 1154 2046 familiam

138 2085 337 2168 secundam
363 2095 417 2165 M.
444 2118 479 2188 p.
504 2117 583 2186 77„
608 2094 734 2190 plures
758 2091 870 2164 etiam
896 2093 1033 2191 species
1057 2123 1078 2170 e
1100 2098 1155 2174 fa·

139 2223 246 2295 milia
273 2221 392 2316 prima
417 2211 473 2294 Μ.
499 2246 535 2318 p.
551 2227 633 2314 67.,
658 2217 795 2292 scilicet
820 2223 880 2292 At.
903 2225 1065 2312 analem,
1092 2255 1152 2300 ae·

140 2350 312 2444 thiopem,
344 2351 543 2445 prolixam,
570 2350 756 2436 collatam,
784 2352 955 2439 cinctam,
981 2357 1151 2450 lucidam,

139 2477 343 2565 limbatam,
375 2500 444 2548 nec
476 2502 553 2550 non
583 2501 700 2575 genus
718 2479 779 2549 IV.
813 2483 868 2551 Μ.
893 2504 925 2573 p.
941 2482 999 2566 65.
1053 2489 1150 2556 Cum

137 2623 229 2681 vero
258 2605 413 2679 unicum
437 2602 565 2679 vnicae
589 2607 700 2677 buius
724 2603 869 2704 generis
895 2606 1029 2702 speciei
1053 2609 1152 2681 indiss

137 2734 298 2810 viduum
325 2731 493 2832 tempore
518 2733 684 2826 hyberno
711 2751 748 2804 et
768 2733 895 2806 minua
922 2733 1048 2808 sereno
1067 2763 1152 2811 exa·

135 2865 337 2955 minarem‚
386 2851 510 2962 palpis'
539 2859 788 2933 anterioribus
825 2860 1081 2938 triarticulatic
1111 2883 1150 2939 et

135 2993 366 3068 mandibulis
394 2989 554 3064 dentatis
580 2985 801 3061 instructum
829 2985 898 3060 effe
924 2991 1020 3061 mihi
1044 2991 1149 3066 vide·

134 3121 253 3196 batur.
306 3129 475 3197 Examen
499 3139 626 3194 autem
652 3119 866 3191 reiteratum
890 3131 927 3187 et
944 3117 1003 3189 die
1018 3115 1147 3194 serena

134 3241 350 3322 institutum
369 3267 436 3322 ,me
463 3249 611 3336 docuit,
638 3245 727 3318 huie
742 3243 880 3315 iniecto
896 3245 1054 3318 omnino
1069 3249 1149 3343 pal.

133 3399 205 3471 pos
239 3395 275 3447 et
309 3379 541 3451 mandibulae
573 3373 640 3449 effe
671 3391 712 3444 vt
740 3369 897 3468 reliquis
922 3372 1147 3449 Aleocharia.

40 3479 43 3486 ’
132 3503 240 3574 Licet
272 3495 359 3603 erge
394 3505 570 3578 structura
606 3500 787 3598 peculiari
816 3518 1062 3573 antennarum
1098 3487 1161 3576 ab,

0 3642 2 3651 ’
132 3630 310 3704 omnibus
334 3633 566 3727 abspeciebus
588 3625 748 3718 differat,
770 3625 934 3726 attamen
951 3629 1149 3703 haudhae·

131 3785 216 3848 reo,
241 3783 287 3832 an
312 3759 387 3833 hoo
404 3783 520 3860 genus
544 3753 707 3830 Calliceri
731 3749 1145 3838 tollametAleochari‘a

130 3881 299 3964 familiae
318 3895 405 3978 111.,
433 3886 588 3984 quibus,
614 3905 691 3958 tam
714 3884 843 3957 habitu
869 3903 951 3957 toto
977 3903 1146 3974 externo,

130 4017 245 4115 qnam
268 4018 432 4118 partium
456 4013 684 4115 [iugulatum
703 4015 843 4106 forma,
868 4015 1039 4088 antennis
1058 4011 1147 4084 solia

702 4149 735 4217 tt
1083 4165 1146 4214 ex·
