<?xml version="1.0" encoding="UTF-8"?>
<!DOCTYPE html PUBLIC "-//W3C//DTD XHTML 1.0 Transitional//EN"
    "http://www.w3.org/TR/xhtml1/DTD/xhtml1-transitional.dtd">
<html xmlns="http://www.w3.org/1999/xhtml" xml:lang="en" lang="en">
 <head>
  <title>
</title>
<meta http-equiv="Content-Type" content="text/html;charset=utf-8" />
  <meta name='ocr-system' content='tesseract 3.04.00' />
  <meta name='ocr-capabilities' content='ocr_page ocr_carea ocr_par ocr_line ocrx_word'/>
</head>
<body>
  <div class='ocr_page' id='page_1' title='image "./monographiacole00gravgoog_0158.png"; bbox 0 0 2804 4798; ppageno 0'>
   <div class='ocr_carea' id='block_1_1' title="bbox 412 413 1191 505">
    <p class='ocr_par' dir='ltr' id='par_1_1' title="bbox 412 413 1191 505">
     <span class='ocr_line' id='line_1_1' title="bbox 412 413 1191 505; baseline -0.024 -15"><span class='ocrx_word' id='word_1_1' title='bbox 412 421 474 490; x_wconf 87' lang='lat' dir='ltr'><strong>1v.</strong></span> <span class='ocrx_word' id='word_1_2' title='bbox 502 413 746 488; x_wconf 77' lang='lat' dir='ltr'><strong>Lathrobinm.</strong></span> <span class='ocrx_word' id='word_1_3' title='bbox 774 419 809 486; x_wconf 89' lang='lat' dir='ltr'><strong>F.</strong></span> <span class='ocrx_word' id='word_1_4' title='bbox 826 418 888 486; x_wconf 84' lang='lat' dir='ltr'><strong>lv.</strong></span> <span class='ocrx_word' id='word_1_5' title='bbox 1086 433 1155 505; x_wconf 76' lang='lat'><strong>135</strong></span> <span class='ocrx_word' id='word_1_6' title='bbox 1188 451 1191 460; x_wconf 82' lang='lat'>·</span> 
     </span>
    </p>
   </div>
   <div class='ocr_carea' id='block_1_2' title="bbox 185 597 1153 954">
    <p class='ocr_par' dir='ltr' id='par_1_2' title="bbox 185 597 1153 954">
     <span class='ocr_line' id='line_1_2' title="bbox 187 597 1153 701; baseline -0.007 -20"><span class='ocrx_word' id='word_1_7' title='bbox 187 605 345 701; x_wconf 80' lang='lat' dir='ltr'><strong>pedibus</strong></span> <span class='ocrx_word' id='word_1_8' title='bbox 372 602 622 699; x_wconf 83' lang='lat' dir='ltr'><strong>antennisque</strong></span> <span class='ocrx_word' id='word_1_9' title='bbox 647 599 782 684; x_wconf 71' lang='lat' dir='ltr'><strong>fuscina</strong></span> <span class='ocrx_word' id='word_1_10' title='bbox 816 597 1019 696; x_wconf 82' lang='lat' dir='ltr'><strong>coiaoptria</strong></span> <span class='ocrx_word' id='word_1_11' title='bbox 1047 597 1153 674; x_wconf 86' lang='lat' dir='ltr'><strong>obso-</strong></span> 
     </span>
     <span class='ocr_line' id='line_1_3' title="bbox 185 726 984 831; baseline -0.006 -24"><span class='ocrx_word' id='word_1_12' title='bbox 185 731 354 807; x_wconf 86' lang='lat' dir='ltr'><strong>letiffima</strong></span> <span class='ocrx_word' id='word_1_13' title='bbox 376 728 548 827; x_wconf 78' lang='lat' dir='ltr'><strong>pnnotia3</strong></span> <span class='ocrx_word' id='word_1_14' title='bbox 581 726 890 831; x_wconf 64' lang='lat' dir='ltr'><strong>longitudinm}</strong></span> <span class='ocrx_word' id='word_1_15' title='bbox 915 728 984 802; x_wconf 84' lang='lat' dir='ltr'><strong>lin.</strong></span> 
     </span>
     <span class='ocr_line' id='line_1_4' title="bbox 237 855 1149 954; baseline -0.003 -20"><span class='ocrx_word' id='word_1_16' title='bbox 237 866 381 934; x_wconf 78' lang='lat' dir='ltr'><strong>Statura</strong></span> <span class='ocrx_word' id='word_1_17' title='bbox 420 881 490 930; x_wconf 76' lang='lat' dir='ltr'><strong>nec</strong></span> <span class='ocrx_word' id='word_1_18' title='bbox 526 881 606 928; x_wconf 89' lang='lat' dir='ltr'><strong>non</strong></span> <span class='ocrx_word' id='word_1_19' title='bbox 639 856 803 952; x_wconf 84' lang='lat' dir='ltr'><strong>partium</strong></span> <span class='ocrx_word' id='word_1_20' title='bbox 837 855 960 930; x_wconf 87' lang='lat' dir='ltr'><strong>forma</strong></span> <span class='ocrx_word' id='word_1_21' title='bbox 995 872 1033 928; x_wconf 86' lang='lat' dir='ltr'><strong>at</strong></span> <span class='ocrx_word' id='word_1_22' title='bbox 1063 878 1149 954; x_wconf 85' lang='lat' dir='ltr'><strong>pro·</strong></span> 
     </span>
    </p>
   </div>
   <div class='ocr_carea' id='block_1_3' title="bbox 52 982 1302 2980">
    <p class='ocr_par' dir='ltr' id='par_1_3' title="bbox 185 982 1149 1086">
     <span class='ocr_line' id='line_1_5' title="bbox 185 982 1149 1086; baseline 0.002 -26"><span class='ocrx_word' id='word_1_23' title='bbox 185 987 357 1085; x_wconf 81' lang='lat' dir='ltr'><strong>portione</strong></span> <span class='ocrx_word' id='word_1_24' title='bbox 380 984 540 1058; x_wconf 88' lang='lat' dir='ltr'><strong>omnino</strong></span> <span class='ocrx_word' id='word_1_25' title='bbox 564 991 605 1056; x_wconf 90' lang='lat' dir='ltr'><strong>L.</strong></span> <span class='ocrx_word' id='word_1_26' title='bbox 624 988 785 1086; x_wconf 79' lang='lat' dir='ltr'><strong>elongati</strong></span> <span class='ocrx_word' id='word_1_27' title='bbox 807 982 1050 1059; x_wconf 84' lang='lat' dir='ltr'><strong>varietatibus</strong></span> <span class='ocrx_word' id='word_1_28' title='bbox 1068 1009 1149 1083; x_wconf 79' lang='lat' dir='ltr'><strong>gra·</strong></span> 
     </span>
    </p>

    <p class='ocr_par' dir='ltr' id='par_1_4' title="bbox 52 1109 1302 1720">
     <span class='ocr_line' id='line_1_6' title="bbox 52 1109 1147 1209; baseline 0.001 -22"><span class='ocrx_word' id='word_1_29' title='bbox 52 1109 55 1114; x_wconf 67' lang='grc'>’</span> <span class='ocrx_word' id='word_1_30' title='bbox 184 1113 376 1187; x_wconf 82' lang='lat' dir='ltr'><strong>oilioribua</strong></span> <span class='ocrx_word' id='word_1_31' title='bbox 412 1111 648 1192; x_wconf 79' lang='lat' dir='ltr'><strong>fimil-limunr</strong></span> <span class='ocrx_word' id='word_1_32' title='bbox 681 1109 746 1199; x_wconf 80' lang='lat' dir='ltr'><strong>est,</strong></span> <span class='ocrx_word' id='word_1_33' title='bbox 788 1114 951 1209; x_wconf 78' lang='lat' dir='ltr'><strong>exceptis</strong></span> <span class='ocrx_word' id='word_1_34' title='bbox 982 1129 1147 1188; x_wconf 79' lang='lat' dir='ltr'><strong>attamen</strong></span> 
     </span>
     <span class='ocr_line' id='line_1_7' title="bbox 184 1240 1302 1339; baseline -0.007 -21"><span class='ocrx_word' id='word_1_35' title='bbox 184 1241 402 1339; x_wconf 80' lang='lat' dir='ltr'><strong>aolaoptria,</strong></span> <span class='ocrx_word' id='word_1_36' title='bbox 444 1265 539 1336; x_wconf 79' lang='lat' dir='ltr'><strong>quae</strong></span> <span class='ocrx_word' id='word_1_37' title='bbox 569 1240 636 1313; x_wconf 87' lang='lat' dir='ltr'><strong>vix</strong></span> <span class='ocrx_word' id='word_1_38' title='bbox 668 1240 783 1312; x_wconf 87' lang='lat' dir='ltr'><strong>oonlo</strong></span> <span class='ocrx_word' id='word_1_39' title='bbox 811 1259 953 1314; x_wconf 82' lang='lat' dir='ltr'><strong>armato</strong></span> <span class='ocrx_word' id='word_1_40' title='bbox 984 1257 1147 1339; x_wconf 84' lang='lat' dir='ltr'><strong>punctu·</strong></span> <span class='ocrx_word' id='word_1_41' title='bbox 1296 1243 1302 1251; x_wconf 79' lang='grc'><strong>“</strong></span> 
     </span>
     <span class='ocr_line' id='line_1_8' title="bbox 182 1365 1145 1469; baseline -0.003 -24"><span class='ocrx_word' id='word_1_42' title='bbox 182 1397 263 1445; x_wconf 86' lang='lat' dir='ltr'><strong>ram</strong></span> <span class='ocrx_word' id='word_1_43' title='bbox 290 1365 607 1455; x_wconf 82' lang='lat' dir='ltr'><strong>obsoletissimam,</strong></span> <span class='ocrx_word' id='word_1_44' title='bbox 645 1368 834 1440; x_wconf 77' lang='lat' dir='ltr'><strong>intertium</strong></span> <span class='ocrx_word' id='word_1_45' title='bbox 857 1370 969 1443; x_wconf 80' lang='lat' dir='ltr'><strong>etiam</strong></span> <span class='ocrx_word' id='word_1_46' title='bbox 993 1366 1145 1469; x_wconf 84' lang='lat' dir='ltr'><strong>vestigia</strong></span> 
     </span>
     <span class='ocr_line' id='line_1_9' title="bbox 181 1491 1145 1572; baseline -0.004 0"><span class='ocrx_word' id='word_1_47' title='bbox 181 1497 348 1572; x_wconf 79' lang='lat' dir='ltr'><strong>obsoleta</strong></span> <span class='ocrx_word' id='word_1_48' title='bbox 375 1494 543 1569; x_wconf 80' lang='lat' dir='ltr'><strong>striarum</strong></span> <span class='ocrx_word' id='word_1_49' title='bbox 577 1491 785 1568; x_wconf 71' lang='lat' dir='ltr'><strong>ostendunt.</strong></span> <span class='ocrx_word' id='word_1_50' title='bbox 809 1536 859 1554; x_wconf 90' lang='lat'>-</span> <span class='ocrx_word' id='word_1_51' title='bbox 894 1503 1054 1569; x_wconf 76' lang='lat' dir='ltr'><strong>&#39;Praeter</strong></span> <span class='ocrx_word' id='word_1_52' title='bbox 1080 1493 1145 1568; x_wconf 79' lang='lat' dir='ltr'><strong>sta·</strong></span> 
     </span>
     <span class='ocr_line' id='line_1_10' title="bbox 180 1621 1143 1720; baseline 0.001 -22"><span class='ocrx_word' id='word_1_53' title='bbox 180 1644 304 1698; x_wconf 82' lang='lat' dir='ltr'><strong>turam</strong></span> <span class='ocrx_word' id='word_1_54' title='bbox 324 1624 643 1720; x_wconf 83' lang='lat' dir='ltr'><strong>paulomaiorena</strong></span> <span class='ocrx_word' id='word_1_55' title='bbox 670 1642 708 1695; x_wconf 81' lang='lat' dir='ltr'><strong>et</strong></span> <span class='ocrx_word' id='word_1_56' title='bbox 730 1621 950 1713; x_wconf 81' lang='lat' dir='ltr'><strong>orassiorem,</strong></span> <span class='ocrx_word' id='word_1_57' title='bbox 978 1648 1045 1696; x_wconf 81' lang='lat' dir='ltr'><strong>nac</strong></span> <span class='ocrx_word' id='word_1_58' title='bbox 1061 1645 1143 1700; x_wconf 82' lang='lat' dir='ltr'><strong>non</strong></span> 
     </span>
    </p>

    <p class='ocr_par' dir='ltr' id='par_1_5' title="bbox 135 1739 1158 1978">
     <span class='ocr_line' id='line_1_11' title="bbox 135 1739 1158 1848; baseline -0.003 -23"><span class='ocrx_word' id='word_1_59' title='bbox 135 1790 140 1798; x_wconf 84' lang='lat'><em>·</em></span> <span class='ocrx_word' id='word_1_60' title='bbox 177 1739 343 1826; x_wconf 73' lang='lat' dir='ltr'><strong>colorant</strong></span> <span class='ocrx_word' id='word_1_61' title='bbox 375 1743 514 1848; x_wconf 75' lang='lat' dir='ltr'><strong>padum</strong></span> <span class='ocrx_word' id='word_1_62' title='bbox 550 1769 587 1823; x_wconf 86' lang='lat' dir='ltr'><strong>et</strong></span> <span class='ocrx_word' id='word_1_63' title='bbox 612 1769 880 1842; x_wconf 80' lang='lat' dir='ltr'><strong>antennarum,</strong></span> <span class='ocrx_word' id='word_1_64' title='bbox 906 1750 1033 1822; x_wconf 83' lang='lat' dir='ltr'><strong>nullia</strong></span> <span class='ocrx_word' id='word_1_65' title='bbox 1060 1751 1158 1822; x_wconf 76' lang='lat' dir='ltr'><strong>cha-¹</strong></span> 
     </span>
     <span class='ocr_line' id='line_1_12' title="bbox 138 1875 814 1978; baseline -0.009 -21"><span class='ocrx_word' id='word_1_66' title='bbox 138 1960 140 1964; x_wconf 81' lang='lat'><em>.</em></span> <span class='ocrx_word' id='word_1_67' title='bbox 177 1881 380 1958; x_wconf 77' lang='lat' dir='ltr'><strong>ractaribns</strong></span> <span class='ocrx_word' id='word_1_68' title='bbox 406 1905 426 1952; x_wconf 86' lang='lat' dir='ltr'><strong>a</strong></span> <span class='ocrx_word' id='word_1_69' title='bbox 448 1885 488 1953; x_wconf 84' lang='lat' dir='ltr'><strong>L.</strong></span> <span class='ocrx_word' id='word_1_70' title='bbox 504 1882 655 1978; x_wconf 79' lang='lat' dir='ltr'><strong>longnlo</strong></span> <span class='ocrx_word' id='word_1_71' title='bbox 678 1875 814 1952; x_wconf 84' lang='lat' dir='ltr'><strong>differt.</strong></span> 
     </span>
    </p>

    <p class='ocr_par' dir='ltr' id='par_1_6' title="bbox 175 2003 1161 2356">
     <span class='ocr_line' id='line_1_13' title="bbox 228 2003 1161 2111; baseline -0.009 -27"><span class='ocrx_word' id='word_1_72' title='bbox 228 2005 455 2111; x_wconf 73' lang='lat' dir='ltr'><strong>Lfiliforma</strong></span> <span class='ocrx_word' id='word_1_73' title='bbox 487 2023 525 2078; x_wconf 86' lang='lat' dir='ltr'><strong>et</strong></span> <span class='ocrx_word' id='word_1_74' title='bbox 554 2010 745 2107; x_wconf 79' lang='lat' dir='ltr'><strong>longulum</strong></span> <span class='ocrx_word' id='word_1_75' title='bbox 767 2003 939 2078; x_wconf 85' lang='lat' dir='ltr'><strong>habitant</strong></span> <span class='ocrx_word' id='word_1_76' title='bbox 962 2003 1161 2077; x_wconf 59' lang='lat' dir='ltr'><strong>Brnnsni&#39;</strong></span> 
     </span>
     <span class='ocr_line' id='line_1_14' title="bbox 179 2131 1138 2239; baseline -0.003 -28"><span class='ocrx_word' id='word_1_77' title='bbox 179 2164 245 2239; x_wconf 80' lang='lat' dir='ltr'><strong>gae</strong></span> <span class='ocrx_word' id='word_1_78' title='bbox 277 2138 410 2210; x_wconf 82' lang='lat' dir='ltr'><strong>iisdem</strong></span> <span class='ocrx_word' id='word_1_79' title='bbox 441 2132 555 2223; x_wconf 84' lang='lat' dir='ltr'><strong>locia,</strong></span> <span class='ocrx_word' id='word_1_80' title='bbox 595 2134 636 2206; x_wconf 90' lang='lat' dir='ltr'><strong>in</strong></span> <span class='ocrx_word' id='word_1_81' title='bbox 665 2131 831 2233; x_wconf 82' lang='lat' dir='ltr'><strong>gramina</strong></span> <span class='ocrx_word' id='word_1_82' title='bbox 854 2158 989 2230; x_wconf 82' lang='lat' dir='ltr'><strong>nempe</strong></span> <span class='ocrx_word' id='word_1_83' title='bbox 1012 2151 1049 2207; x_wconf 87' lang='lat' dir='ltr'><strong>et</strong></span> <span class='ocrx_word' id='word_1_84' title='bbox 1070 2132 1138 2208; x_wconf 76' lang='lat' dir='ltr'><strong>sub</strong></span> 
     </span>
     <span class='ocr_line' id='line_1_15' title="bbox 175 2261 871 2356; baseline -0.006 -16"><span class='ocrx_word' id='word_1_85' title='bbox 175 2266 279 2340; x_wconf 75' lang='lat' dir='ltr'><strong>foliis</strong></span> <span class='ocrx_word' id='word_1_86' title='bbox 303 2261 468 2336; x_wconf 78' lang='lat' dir='ltr'>deciduis</span> <span class='ocrx_word' id='word_1_87' title='bbox 494 2261 539 2334; x_wconf 89' lang='lat' dir='ltr'><strong>ad</strong></span> <span class='ocrx_word' id='word_1_88' title='bbox 563 2261 659 2356; x_wconf 80' lang='lat' dir='ltr'><strong>ripas</strong></span> <span class='ocrx_word' id='word_1_89' title='bbox 684 2301 735 2320; x_wconf 89' lang='lat'><em>-</em></span> <span class='ocrx_word' id='word_1_90' title='bbox 759 2261 871 2336; x_wconf 77' lang='lat' dir='ltr'><strong>naht</strong></span> 
     </span>
    </p>

    <p class='ocr_par' dir='ltr' id='par_1_7' title="bbox 129 2393 634 2490">
     <span class='ocr_line' id='line_1_16' title="bbox 129 2393 634 2490; baseline -0.014 -19"><span class='ocrx_word' id='word_1_91' title='bbox 129 2399 187 2471; x_wconf 81' lang='lat'><strong>16.</strong></span> <span class='ocrx_word' id='word_1_92' title='bbox 214 2400 256 2466; x_wconf 92' lang='lat' dir='ltr'><strong>L.</strong></span> <span class='ocrx_word' id='word_1_93' title='bbox 273 2393 418 2467; x_wconf 81' lang='lat' dir='ltr'><strong>badium</strong></span> <span class='ocrx_word' id='word_1_94' title='bbox 441 2397 496 2466; x_wconf 89' lang='lat' dir='ltr'><strong>M.</strong></span> <span class='ocrx_word' id='word_1_95' title='bbox 522 2411 634 2490; x_wconf 53' lang='grc' dir='ltr'><strong>ΜΞ.</strong></span> 
     </span>
    </p>

    <p class='ocr_par' dir='ltr' id='par_1_8' title="bbox 128 2522 643 2616">
     <span class='ocr_line' id='line_1_17' title="bbox 128 2522 643 2616; baseline -0.006 -23"><span class='ocrx_word' id='word_1_96' title='bbox 128 2547 186 2616; x_wconf 80' lang='lat'><strong>²7·</strong></span> <span class='ocrx_word' id='word_1_97' title='bbox 213 2525 254 2594; x_wconf 91' lang='lat' dir='ltr'><strong>L.</strong></span> <span class='ocrx_word' id='word_1_98' title='bbox 269 2522 402 2595; x_wconf 77' lang='lat' dir='ltr'><strong>bicolor</strong></span> <span class='ocrx_word' id='word_1_99' title='bbox 425 2525 480 2593; x_wconf 89' lang='grc' dir='ltr'><strong>Μ.</strong></span> <span class='ocrx_word' id='word_1_100' title='bbox 506 2545 542 2615; x_wconf 89' lang='lat' dir='ltr'><strong>p.</strong></span> <span class='ocrx_word' id='word_1_101' title='bbox 562 2543 643 2614; x_wconf 88' lang='lat'><strong>179.</strong></span> 
     </span>
    </p>

    <p class='ocr_par' dir='ltr' id='par_1_9' title="bbox 129 2649 1231 2980">
     <span class='ocr_line' id='line_1_18' title="bbox 129 2649 1156 2744; baseline -0.002 -18"><span class='ocrx_word' id='word_1_102' title='bbox 129 2656 301 2738; x_wconf 79' lang='lat' dir='ltr'><strong><em>18.L.c</em></strong></span> <span class='ocrx_word' id='word_1_103' title='bbox 340 2663 483 2722; x_wconf 85' lang='lat' dir='ltr'><strong>tanenm</strong></span> <span class='ocrx_word' id='word_1_104' title='bbox 514 2653 570 2722; x_wconf 90' lang='grc' dir='ltr'><strong>Μ.</strong></span> <span class='ocrx_word' id='word_1_105' title='bbox 593 2674 627 2744; x_wconf 92' lang='lat' dir='ltr'><strong>p.</strong></span> <span class='ocrx_word' id='word_1_106' title='bbox 648 2669 707 2735; x_wconf 73' lang='lat'><strong>5⁸·</strong></span> <span class='ocrx_word' id='word_1_107' title='bbox 739 2673 759 2721; x_wconf 80' lang='lat' dir='ltr'><strong>a</strong></span> <span class='ocrx_word' id='word_1_108' title='bbox 790 2649 1012 2723; x_wconf 78' lang='lat' dir='ltr'><strong>collectione</strong></span> <span class='ocrx_word' id='word_1_109' title='bbox 1041 2655 1156 2725; x_wconf 72' lang='lat' dir='ltr'><strong>iino-¹</strong></span> 
     </span>
     <span class='ocr_line' id='line_1_19' title="bbox 178 2774 1231 2882; baseline -0.001 -30"><span class='ocrx_word' id='word_1_110' title='bbox 178 2777 327 2864; x_wconf 82' lang='lat' dir='ltr'><strong>chiano,</strong></span> <span class='ocrx_word' id='word_1_111' title='bbox 372 2775 436 2850; x_wconf 83' lang='lat' dir='ltr'><strong>vbi</strong></span> <span class='ocrx_word' id='word_1_112' title='bbox 475 2775 565 2850; x_wconf 74' lang='lat' dir='ltr'><strong>hano</strong></span> <span class='ocrx_word' id='word_1_113' title='bbox 600 2774 737 2872; x_wconf 76' lang='lat' dir='ltr'><strong>[pacina</strong></span> <span class='ocrx_word' id='word_1_114' title='bbox 773 2775 849 2850; x_wconf 86' lang='lat' dir='ltr'><strong>sola</strong></span> <span class='ocrx_word' id='word_1_115' title='bbox 868 2774 1060 2882; x_wconf 76' lang='lat' dir='ltr'><strong>axftabat,</strong></span> <span class='ocrx_word' id='word_1_116' title='bbox 1101 2776 1139 2851; x_wconf 58' lang='lat' dir='ltr'><strong>fo*</strong></span> <span class='ocrx_word' id='word_1_117' title='bbox 1227 2817 1231 2828; x_wconf 78' lang='lat'>=</span> 
     </span>
     <span class='ocr_line' id='line_1_20' title="bbox 173 2902 601 2980; baseline -0.009 -1"><span class='ocrx_word' id='word_1_118' title='bbox 173 2902 364 2980; x_wconf 76' lang='lat' dir='ltr'><strong>subduxit.</strong></span> <span class='ocrx_word' id='word_1_119' title='bbox 599 2907 601 2914; x_wconf 86' lang='lat'>&#39;</span> 
     </span>
    </p>
   </div>
   <div class='ocr_carea' id='block_1_4' title="bbox 0 0 1406 4798">
    <p class='ocr_par' dir='ltr' id='par_1_10' title="bbox 0 0 1406 4798">
     <span class='ocr_line' id='line_1_21' title="bbox 0 0 1406 4798; baseline 0 9"><span class='ocrx_word' id='word_1_120' title='bbox 0 0 1406 4798; x_wconf 95' lang='lat' dir='ltr'><strong> </strong></span> 
     </span>
    </p>
   </div>
  </div>
 </body>
</html>
