2804 4798
8 1717 15 1760 l

414 355 480 423 111.
504 347 747 450 staphylinus.
771 351 810 422 F.
824 353 892 426 111.
1083 380 1156 453 ¹⁰9

196 535 407 614 extrorsum
421 533 733 627 subcrashoribua,
753 535 1064 634 inanescentibus,
1082 541 1158 616 basi

194 667 304 751 rufia3
334 668 451 762 palpis
477 665 577 743 rufis.

252 801 400 872 Thorax
417 794 730 883 suhorbicnlatua,
755 795 819 865 vix
830 793 1028 870 latitudine
1041 801 1156 896 paulo

196 925 366 1025 longior,
399 942 436 995 et
463 922 561 994 basin
587 921 710 994 versus
734 920 1034 1020 subaugustatus,
1060 930 1158 1002 cole·

193 1061 314 1149 nptris
352 1052 547 1148 paululum
581 1050 724 1142 minor,
764 1051 950 1126 subtiliter
982 1075 1155 1150 punctus,

193 1184 320 1281 niger,
348 1182 451 1253 diaco
476 1161 648 1271 doprello.

246 1316 442 1409 Coleoptra
475 1309 708 1405 rectangula,
745 1310 894 1383 thorace
922 1314 1035 1407 paulo
1070 1315 1156 1389 lon·

193 1443 319 1542 ginta,
344 1440 524 1527 nitidula,
550 1438 735 1511 subtiliter
758 1457 915 1534 puncta,
939 1440 1014 1516 bafi
1036 1443 1154 1544 nigra,

191 1573 294 1666 apice
316 1569 480 1640 dilucido
503 1563 662 1648 testacca,

241 1691 357 1806 Pacle's
384 1699 466 1770 rufi.

242 1828 399 1928 Habitat
422 1827 466 1898 in
492 1820 659 1898 floruffia
686 1863 732 1878 -
758 1824 927 1924 Hellaoig.

486 2060 702 2128 Fanum
734 2058 801 2128 111.

216 2183 508 2283 Comprehendit
539 2180 716 2280 plurimas
750 2179 886 2280 speciei
917 2177 1085 2256 familiae
1097 2187 1154 2285 ¹¹11.

142 2317 422 2414 Stapylinorum
460 2317 514 2384 Μ.
545 2338 577 2408 p.
608 2334 659 2398 5.,
702 2310 863 2409 exceptis
897 2334 1031 2408 nempe
1063 2311 1153 2401 illis,

140 2471 305 2546 quarum
336 2465 470 2540 corpus
503 2442 561 2513 vel
585 2435 1065 2513 sommedrio-nebulosum
1088 2442 1153 2515 vel

139 2573 322 2652 villosum
344 2567 405 2642 ost.

218 2696 431 2800 staphylini
457 2695 570 2770 huius
594 2691 776 2784 familiae,
801 2719 915 2794 quaa,
936 2721 1023 2770 cum
1046 2667 1155 2772 sami·

138 2834 190 2907 lia
221 2831 398 2925 sequente
431 2843 466 2898 ct
497 2821 640 2896 familia
671 2821 823 2920 quinta,
852 2827 1016 2901 maxima
1040 2829 1177 2922 huius,

138 2960 283 3062 generis
315 2957 537 3051 microptera
572 2950 757 3042 continet,
792 2954 940 3026 thorace
962 2956 1154 3054 quadrato,

139 3087 339 3163 confertim
362 3105 399 3158 et
419 3081 573 3156 confuse
593 3099 753 3179 puncto,
776 3080 897 3154 asam.
911 3089 937 3156 Ι.
962 3079 1153 3180 differunt,

139 3217 247 3288 cuius
278 3213 412 3320 species
445 3214 635 3304 thoracem
662 3210 801 3282 habant
826 3212 886 3283 vel
908 3211 1153 3306 leuissimum,

140 3344 166 3417 i.
181 3367 212 3414 o.
243 3340 317 3412 stne
346 3342 420 3413 vlla
451 3338 708 3439 impressione,
748 3342 810 3414 vel
840 3341 989 3438 punctis
1013 3342 1154 3444 solunt·

138 3467 255 3544 morlo
270 3468 478 3564 perpaucis,
503 3471 725 3565 plerumque
745 3469 786 3545 in
812 3468 917 3541 series
936 3467 1151 3561 distributis,
1237 3503 1241 3512 ·

11 3619 18 3648 t
137 3592 366 3690 impressum.
418 3603 602 3671 Praeterea
631 3597 843 3695 staphylini
857 3596 970 3672 huius
984 3597 1152 3674 familiae

137 3723 275 3800 statura
298 3722 384 3794 sunt
409 3726 522 3822 magis
549 3727 700 3816 lineari,
737 3729 857 3803 nitore
880 3725 1007 3802 minuo
1034 3727 1153 3824 splen·

139 3856 247 3942 dido,
273 3878 388 3950 quam
414 3851 475 3922 illi
496 3853 658 3928 familiae
682 3858 830 3952 primae.
858 3898 908 3914 -
959 3864 1055 3932 Cum
1072 3863 1151 3930 Sta·

138 3981 308 4080 phylinis
336 3979 502 4056 familiae
533 3982 711 4060 secundae
740 3987 838 4062 haud
865 3983 1047 4064 confundi
1071 3982 1152 4084 pos·
1204 3993 1208 4001 '

1050 4112 1151 4203 sunt,
