2814 4810
581 1020 830 1092 Genv31.'

467 1207 927 1280 TACHYPORVS.

261 1391 338 1464 Sub
369 1391 442 1460 hoo
468 1412 586 1484 genus
615 1415 717 1462 nunc
743 1395 1113 1487 comprehenduntur
1136 1402 1202 1479 ina

184 1521 267 1593 Col.
291 1522 539 1612 Microptera,
568 1543 664 1612 quae
687 1519 783 1591 olim
806 1520 849 1592 in
874 1519 965 1597 fem.
985 1533 1033 1600 11.
1058 1533 1203 1625 Tachy·

183 1675 365 1746 potorum
391 1665 429 1720 et
459 1645 545 1718 fam.
574 1653 603 1717 1.
629 1645 886 1722 Tenhinorum
913 1649 1199 1754 segregeuerem.

182 1779 293 1853 Licet
315 1781 417 1851 enim
441 1773 562 1869 pelpie
589 1771 784 1859 different.
816 1779 960 1872 itaque.
995 1781 1202 1862 secundum

183 1908 330 2008 regulae
361 1902 562 1996 systematis
588 1901 732 1975 strenue
754 1905 956 1980 artificialis
983 1907 1201 1989 secernenda

182 2036 255 2108 effe
285 2037 500 2118 videantur,
539 2033 668 2103 habitu
698 2049 862 2102 attamen
894 2049 978 2102 toto
1007 2041 1203 2113 communi

182 2165 301 2236 nimis
336 2165 435 2234 inter
459 2159 495 2232 se
519 2177 735 2257 congtunnt
762 2177 798 2229 et
824 2184 842 2229 a
866 2163 1021 2258 reliquie
1047 2192 1202 2268 eugene-

179 2293 288 2362 ribue
316 2287 512 2376 differunt,
541 2313 655 2382 quam
679 2288 780 2382 quod
804 2289 1123 2368 combinationem
1140 2324 1201 2372 eo·

140 2435 143 2442 '
179 2443 270 2491 rum
292 2415 469 2506 suscipere
483 2443 561 2488 non
578 2417 750 2487 auderem
767 2457 816 2472 -
834 2423 970 2516 Corpus
983 2447 1198 2500 connexum

178 2548 347 2620 nitidum
375 2546 499 2626 laeue;
536 2564 646 2640 caput
681 2563 901 2629 retractum
932 2549 1079 2646 ¹thorax
1111 2579 1198 2628 con·

179 2701 299 2748 vexus
321 2673 550 2746 transuersus
559 2697 570 2754 3
606 2675 789 2770 coleoptra
814 2699 1004 2766 connexe,
1030 2681 1197 2756 abdomi-

180 2807 238 2882 nis
265 2827 441 2902 magnam
458 2819 599 2895 partem
617 2803 797 2898 tegentie3
825 2828 956 2874 omnes
981 2805 1049 2877 hee
1074 2830 1196 2906 partes

180 2932 320 3018 trunci,
348 2929 484 3001 arctius
500 2931 748 3013 cohaerentes,
776 2931 964 3023 praebent,
991 2935 1051 3005 vel
1062 2960 1196 3016 omnee

180 3067 240 3136 vel
269 3058 405 3157 partim
433 3057 675 3141 coniunctae,
702 3056 947 3147 characteres,
970 3065 1105 3157 quibus
1131 3093 1195 3141 nn.

179 3205 268 3264 ture
294 3191 366 3261 hoc
392 3209 510 3286 genus
536 3209 556 3255 a
582 3182 737 3279 reliquie
763 3181 944 3258 distinxit.

542 3423 757 3492 Fenum
796 3424 823 3489 Ι.
900 3481 901 3486 ,

228 3531 366 3645 Corpue
391 3548 598 3648 globosum.

226 3683 352 3779 Caput
377 3697 592 3767 retractum,
631 3673 873 3775 longitudine
900 3679 1014 3774 triplo
1040 3678 1118 3756 fere
1142 3684 1192 3758 le·

275 3808 363 3882 tius.
416 3813 486 3879 Ore
511 3808 715 3904 prodnet03
754 3806 1030 3902 palpieenticie
1055 3815 1194 3886 neumi-

273 3937 396 4024 netis,
443 3938 602 4009 articulo
638 3935 775 4009 vltimo
808 3935 1067 4013 minutiffimo.
1119 3955 1193 4015 An·

273 4066 399 4139 tennis
426 4061 548 4160 capite
575 4063 797 4164 thoraceque
821 4069 1079 4169 longioribus3
1105 4074 1191 4141 erti-

745 4201 778 4266 A
1100 4199 1189 4269 culo
