2804 4798
536 345 580 412 V.
606 341 799 414 Foederat.
911 365 913 369 ·
1103 367 1173 436 ¹57

119 609 121 612 ,
159 523 342 609 obscuria;
369 523 489 596 immo
520 529 558 596 P.
576 529 729 622 riparius
754 544 792 598 et
815 530 864 600 A.
883 532 1023 604 collaris
1048 531 1172 606 colore

75 705 79 712 ·
158 653 260 751 nihil
294 650 370 724 fere
399 647 593 726 differunt.
644 659 782 728 Omnes
807 673 933 734 auteur
959 655 1175 732 similitudi-

159 805 248 869 naa,
281 805 374 876 quasw
394 777 621 868 memoraui,
647 779 892 858 incilcuticlac
919 785 1023 873 sunt,
1049 805 1086 860 et
1108 813 1174 866 na·

159 924 243 983 tura
276 905 453 982 Paederoa
484 906 573 982 fam.
588 913 652 983 111.
685 928 723 983 et
748 911 967 986 Aloocbaras
990 915 1172 992 obtracto-

158 1037 264 1109 ribus
296 1038 419 1107 multo
444 1033 695 1108 stabilioribua
720 1036 933 1139 scgregauit.
986 1048 1171 1119 staturam

156 1163 265 1238 istam
292 1163 587 1254 teretiuaculam,
619 1164 804 1260 imprimis
826 1167 1059 1260 abdominis,
1086 1176 1171 1245 Pae·

155 1296 354 1382 derorum,
381 1316 474 1390 quos
496 1293 630 1398 citam,
651 1293 692 1366 in
717 1296 927 1373 Alaooharis
951 1298 1051 1376 haud
1075 1299 1173 1380 vidi·
1239 1297 1245 1316 '

156 1447 264 1506 mus3
297 1439 498 1508 antennae,
529 1421 694 1496 Paederia
717 1421 933 1513 filifotmea,
957 1428 1170 1509 Alaocbaria

158 1551 333 1630 omnibus
358 1548 420 1622 bic
441 1547 612 1648 allegatis
634 1547 843 1626 extrorsum
866 1551 1046 1630 crailiorea
1066 1555 1169 1642 lurt5

156 1682 344 1776 colcoptra
367 1681 534 1758 Paederis
557 1679 644 1754 lunt
664 1677 769 1753 craffe
789 1697 825 1752 et
841 1679 1170 1778 cicatricosa-pun·

84 1825 90 1834 “
156 1826 233 1898 ota,
271 1807 485 1881 Aleooharis
518 1808 723 1892 subtiliter;
759 1809 894 1879 thorax
923 1808 1089 1882 Paederir
1120 1809 1169 1886 est

156 1937 293 2025 laeuis,
318 1943 467 2032 punctis
494 1943 620 2036 paucis
641 1940 743 2039 vagis
759 1931 971 2034 imprellua,
993 1939 1170 2012 Aleocha·

155 2063 207 2137 ris
247 2068 310 2140 vel
343 2068 502 2140 omnino
541 2069 658 2142 laeuis
692 2066 752 2136 vel
782 2063 934 2138 sulculia
966 2081 1033 2135 aut
1058 2062 1168 2140 fouet
1281 2083 1284 2088 ’

156 2211 222 2265 aut
248 2213 387 2289 puncto
409 2197 550 2270 maiore
572 2216 657 2269 ante
682 2192 881 2266 scutellum
902 2187 1169 2284 improbus.-

156 2322 263 2416 Palpi
310 2325 507 2396 anteriores
554 2323 807 2420 plurimorum
859 2321 973 2392 huius
1021 2321 1168 2416 generis

157 2449 472 2543 Microptcrorum
507 2448 745 2526 triarticulati
779 2446 848 2520 elle
880 2447 1076 2532 videntum
1122 2449 1167 2522 in

157 2576 324 2650 Paederia
354 2596 479 2652 autem
512 2577 675 2652 familiae
692 2583 757 2650 ΙΙΙ.
784 2576 1041 2661 tuberculum,
1070 2576 1166 2670 apici

154 2704 304 2796 articuli
333 2707 434 2779 tertii
463 2705 702 2802 impolitum,
741 2701 842 2800 quali
871 2701 1018 2773 articuli
1044 2703 1168 2797 quarti

153 2807 353 2936 uestigium
384 2833 452 2906 ella
480 2837 647 2918 videtum
681 2832 881 2904 articulum
906 2853 1035 2900 verum
1057 2853 1166 2924 quar·

153 2981 238 3035 tum
270 2964 579 3052 subuliformaru,
615 2961 704 3034 alias
733 2952 939 3053 sempcr'in
964 2954 1166 3030 articulum

153 3093 308 3164 tertium
330 3089 485 3164 crailum
507 3098 728 3179 retractum,
766 3113 844 3159 non
873 3081 940 3154 nili
964 3081 1094 3172 semel,
1124 3083 1165 3158 in

154 3240 229 3286 vno
257 3223 299 3290 P.
317 3221 504 3293 orbiculati
533 3219 734 3293 indiuiduo
761 3210 994 3287 collectionis
1018 3215 1170 3285 Latrril·

156 3347 280 3417 leonae
312 3331 497 3419 exsertum
530 3346 628 3433 vidi,
663 3347 767 3444 quod·
790 3369 837 3417 co
858 3342 1080 3442 bagularius
1104 3338 1167 3431 ost,

157 3496 245 3542 cum
278 3474 339 3546 hic
365 3478 543 3550 articulus
568 3475 610 3548 in
636 3471 811 3547 omnibus
835 3469 994 3569 reliquia
1012 3469 1089 3543 fer·
1113 3471 1170 3548 iu·

155 3601 454 3678 numerabilibus
490 3601 744 3700 microptoria,
780 3600 917 3698 quibua
952 3598 1054 3696 palpi
1083 3622 1168 3673 acu·

154 3728 289 3802 minati
311 3729 416 3823 sunt,
441 3747 632 3830 quotquot
652 3727 1028 3818 contaminant,
1052 3725 1169 3804 oxfor-

153 3873 215 3934 tus
241 3856 338 3935 ellat.
