2804 4798
242 406 313 488 154
466 388 469 395 ’
508 387 571 458 IV.
597 376 841 453 Lathrobium.
867 383 905 450 F.
917 383 979 460 tv,

342 581 544 662 Punctura
569 570 704 640 harum
744 563 968 636 varietatum
1011 586 1101 634 mox
1142 563 1259 656 paulo

294 702 441 780 crassior
454 723 547 774 mox
563 696 675 802 paulo
693 690 865 768 subtilior
875 686 934 777 est,
957 687 1032 763 fine
1042 689 1262 764 discrimine

296 834 451 923 staturae
483 821 686 929 gracilioris
719 815 951 920 oraffiorisue.
990 818 1263 900 ,Immolindn

298 963 458 1064 viduum
483 954 578 1028 mihi
605 947 653 1024 est
675 946 864 1032 ¹varietatis
886 969 929 1032 a,
963 944 1119 1040 reliquis
1147 945 1263 1042 paulo

301 1090 496 1191 gracilius,
511 1080 618 1155 euius
631 1073 767 1173 puncta
787 1075 1014 1166 elytrorunr,
1032 1072 1152 1148 oculis
1168 1072 1265 1144 bene

301 1216 452 1290 armatis
465 1229 502 1284 et
516 1205 670 1279 intentis
687 1200 908 1288 examinata,
926 1201 1079 1274 iamiam
1094 1200 1133 1271 in
1153 1199 1264 1274 series

302 1343 339 1415 se
364 1344 559 1436 disponere
585 1333 782 1413 videntur3
815 1329 973 1402 seriebus
1003 1344 1132 1400 autam
1150 1327 1266 1424 *obso-

302 1466 502 1557 letissimis,
537 1487 607 1536 nec
639 1484 726 1531 cum
757 1456 882 1530 sutura
917 1475 1042 1528 exacte
1080 1457 1266 1552 parallelis

302 1596 372 1678 sed¹
390 1591 612 1688 subobliqua
629 1613 649 1660 a
668 1583 741 1660 basi
755 1586 961 1676 elytrorum
977 1585 1119 1680 apicem
1133 1609 1267 1656 eorum

305 1725 430 1800 versus
456 1695 644 1805 deductis,
678 1716 729 1787 ita
754 1729 795 1785 vt
819 1711 977 1808 spatium
1002 1713 1102 1794 inter
1124 1709 1270 1806 apicem

307 1859 441 1930 harum
463 1849 637 1923 seriarum
654 1862 691 1916 et
707 1843 871 1913 suturam
887 1837 1076 1939 angustius
1095 1838 1137 1910 lit
1153 1865 1270 1936 quam

308 1987 406 2085 inter
431 1977 531 2068 bafia
555 2000 683 2048 earum
703 1991 741 2044 et
764 1968 938 2041 suturam.
991 1974 1093 2041 Haeo
1113 1983 1271 2060 puncto·

309 2139 395 2186 rum
424 2103 615 2204 dispositio
630 2098 835 2184 transtrum
859 2094 982 2168 forsan
1006 2091 1229 2184 demonstrat
1249 2122 1271 2170 a

264 2281 274 2294 1
310 2249 351 2315 L.
367 2242 548 2336 ¹elongato
574 2231 621 2302 ad
645 2236 687 2300 L.
710 2231 850 2300 lineare.

361 2391 593 2490 Stoplrylinus
609 2389 801 2487 elongatus
812 2383 914 2452 Lina.
926 2375 1015 2470 Syst.
1029 2396 1104 2453 nat.
1121 2379 1271 2452 aaran.

313 2523 438 2620 Staph.
462 2533 575 2607 n.14.
611 2589 613 2596 ,

266 2689 321 2776 aa.
345 2687 386 2750 L.
408 2676 637 2749 terminatum
661 2670 718 2739 M.
741 2687 776 2761 p.
793 2684 851 2750 55.

364 2831 489 2906 Variat
514 2825 639 2898 colore
660 2820 797 2917 pedum
823 2835 1069 2890 antennarum
1094 2833 1131 2888 et
1148 2793 1275 2912 palpo.

313 2989 401 3039 rum
422 2954 633 3033 obscuriore
654 2950 715 3024 vel
739 2945 954 3043 pallidiore;
981 2941 1135 3042 pustulis
1151 2943 1193 3016 in
1211 2970 1275 3016 an.

312 3094 413 3195 gulis
430 3079 707 3182 eoleoptrorum
723 3072 995 3148 rufescantibus
1015 3075 1074 3145 vel
1092 3068 1276 3146 distinctis

313 3223 375 3293 vel
396 3213 581 3291 obsoletis.

270 3397 328 3466 ¹5·
353 3383 395 3447 L.
420 3373 612 3473 longulum
642 3367 698 3436 Μ.
728 3384 763 3455 p.
779 3379 861 3446 53„
893 3355 1012 3452 capita
1036 3356 1172 3455 gaudet
1195 3323 1278 3428 sul)-

316 3503 518 3603 quadrato,
548 3491 694 3594 angulis
718 3483 856 3560 obtusis
865 3510 878 3570 3
915 3485 1113 3586 coleoptris
1137 3483 1278 3556 obsola.

315 3629 449 3706 tiffime
473 3622 643 3724 punctis;
668 3615 907 3717 longitudine
937 3621 980 3712 13
996 3651 1048 3718 .'.''
1071 3609 1177 3685 elin.

294 3785 527 3862 Lothrobr'um
555 3776 762 3876 quoddam,
801 3794 821 3842 a
853 3773 964 3842 Dom.
991 3768 1094 3842 Dolrl
1118 3768 1184 3840 sub
1210 3793 1278 3842 no·

317 3915 421 4009 mine
452 3918 494 3984 L.
510 3905 692 4011 filiforme
708 3898 867 3982 ¹Knoclrii
895 3919 1043 3968 mecum
1069 3895 1281 3970 eommuni-

319 4062 464 4135 catum,
500 4037 562 4112 illi
587 4027 758 4156 peraffiue
783 4025 852 4103 est:
884 4021 1064 4124 Nigrum,
1099 4022 1279 4114 nitidum,

1122 4151 1280 4251 pedibus
