2814 4810
248 423 287 476 x.
631 412 882 465 susurrator,

245 607 385 659 rorum
419 576 588 667 familia3
622 575 856 653 huiusmodi
889 595 984 651 vero
1010 573 1263 655 difficultates

244 708 349 810 ipsae
375 711 507 809 potius
533 708 655 780 calcar
676 703 746 779 esse
772 704 935 794 debent,
961 729 1043 801 quo
1067 709 1259 780 Entomo·

245 828 361 937 logus
389 859 522 924 verus,
546 835 612 908 cui
634 831 823 933 perfectio
847 830 1029 906 scientiae
1055 831 1166 906 cordi
1193 829 1258 921 est,

243 964 449 1052 incitetur,
490 985 609 1059 quam
643 959 820 1047 srenum,
857 982 946 1056 quo
969 958 1184 1032 retineatur
1209 959 1257 1032 ab

242 1090 538 1192 inuestigatione
555 1088 693 1164 intima
714 1088 866 1161 horum
884 1084 1142 1174 insectorum,
1162 1111 1263 1159 narn

243 1231 356 1320 “per
382 1243 513 1317 aspera
546 1215 594 1290 ad
629 1215 752 1291 astra”
787 1213 997 1292 tendimus.
1062 1221 1159 1294 Non
1182 1214 1255 1289 nisi

241 1350 396 1432 viribus
414 1347 559 1422 iunctis
578 1344 663 1445 spes
684 1367 756 1417 nos
772 1340 917 1417 arridet
928 1368 979 1418 eo
991 1341 1253 1445 perueniendi

242 1501 332 1576 quo
354 1479 398 1550 in
429 1476 492 1550 bis
529 1475 648 1552 etiam
687 1471 1008 1570 coleopterorum.
1044 1471 1260 1574 generibus·

177 1642 180 1666 ·
243 1607 524 1707 aequilibrium
551 1626 644 1679 cum
668 1600 829 1697 reliquis
853 1587 1003 1682 restitui
1024 1600 1150 1703 ponit:

319 1740 402 1810 Hac
427 1729 623 1806 occasione
641 1725 723 1803 non
743 1727 896 1827 possum
921 1754 1004 1804 non
1029 1728 1256 1829 diligentiae
1382 1808 1388 1837 ἲ

239 1864 388 1942 etzelo
413 1860 581 1937 Domini
604 1855 738 1946 Dan,
765 1859 885 1931 vnius
899 1856 1259 1957 expertissimorum·

241 2010 283 2070 et
307 1989 615 2068 felicissimorum
639 2011 661 2059 e
675 1983 811 2060 nofiris
825 1982 1077 2085 insectolegis,
1094 1985 1254 2084 publico

238 2122 397 2200 meritas
419 2143 531 2218 agere
551 2114 706 2215 gratias.
768 2113 1052 2210 Frequentibus
1078 2127 1123 2185 et.
1139 2111 1252 2213 saepe

237 2245 437 2326 laboriosis
481 2238 771 2316 excursionibus
808 2264 888 2339 per
911 2255 1020 2341 prata
1050 2240 1180 2340 syluas
1209 2256 1249 2316 et

235 2392 391 2452 montes
413 2376 591 2447 Ducatus
608 2367 896 2443 Brunsuicensrs
911 2392 991 2442 non
1005 2365 1146 2458 solum,
1165 2383 1248 2444 tam

234 2509 280 2582 in
313 2500 475 2599 reliquis
506 2520 625 2595 quam
655 2495 773 2567 etiam
804 2509 844 2568 et
876 2495 1085 2596 praecipua
1111 2497 1156 2570 in
1182 2499 1251 2574 his

236 2633 477 2710 insectorum
501 2622 729 2727 generibus,
755 2647 933 2722 magnam
949 2625 1031 2698 vim
1048 2651 1254 2702 nouarum·

233 2764 474 2866 specierum,
500 2756 645 2854 quibus
663 2750 861 2850 imprimis
879 2749 1125 2829 collectiones
1142 2759 1248 2830 Kno-

233 2894 404 2976 ohianae‚
426 2881 1086 2983 Hoffmannseggio-Hellwigianae
1105 2897 1145 2956 et
1157 2909 1245 2958 mea

232 3018 393 3122 propria
427 3012 626 3113 inbgniter
655 3007 1043 3113 locupletataesunt',
1076 3014 1254 3112 prehen..

231 3149 309 3237 dit,
340 3143 407 3220 sed
439 3142 556 3217 etiam
583 3138 738 3226 omnia,
776 3162 876 3235 quae
908 3135 958 3212 de
987 3143 1090 3216 vitae
1119 3140 1251 3216 modo

229 3277 377 3354 borum
401 3268 640 3344 insectorum
661 3267 869 3344 obseruare
892 3287 1063 3371 poterat,
1084 3271 1244 3345 exactis·

229 3402 324 3478 sime
354 3400 579 3489 annotauit;
611 3399 758 3498 hasque
787 3381 1057 3474 annotationes
1081 3421 1242 3472 mecum

230 3527 550 3630 communicauit.
604 3531 704 3602 Cum
726 3551 821 3602 vero
842 3527 936 3601 haec
951 3524 1107 3615 insecta,
1125 3543 1242 3623 quot·

229 3675 328 3759 quot
350 3681 488 3733 eorum
511 3658 631 3730 Dom.
655 3652 773 3728 Data
794 3652 977 3751 possidet,
1003 3654 1107 3729 curis
1118 3657 1239 3730 Dom.

227 3785 334 3868 Pros.
361 3781 495 3865 Knocb
520 3781 798 3856 accuratissime
818 3783 1034 3857 examinata
1054 3798 1093 3856 et
1110 3783 1240 3857 nomi·

228 3937 317 3996 nata
343 3914 433 4003 lint,
457 3911 727 4010 Entomologi‚
754 3910 826 4007 qui
847 3935 940 3984 oum
966 3909 1139 4000 adirent,
1164 3908 1237 3986 hac

228 4046 294 4125 via
324 4042 480 4148 species.
497 4038 728 4119 exactissime
753 4037 1027 4120 determinatas
1051 4037 1127 4115 sibi-
1145 4063 1249 4138 pro-

1100 4191 1238 4244 curare
