2768 4796
155 445 161 462 .
244 425 313 500 ¹98
517 402 616 474 vm.
642 401 831 502 Oasytelus.
857 408 897 476 F.
911 407 980 477 111.

343 586 500 663 Habitat
516 586 559 660 in
582 585 702 660 Gallia
724 602 762 658 at
777 592 985 665 Germania.
1019 595 1133 664 Dour.
1148 597 1268 664 Dom.

296 709 522 816 Desmarest,
549 709 735 790 stamar
761 717 861 789 Dahl
882 721 978 791 hanc
1003 717 1156 813 speciem
1187 745 1269 793 me·

264 869 266 874 ·
298 871 385 920 cum
405 843 792 920 communicauerunt.
838 851 952 917 Dom.
967 848 1068 920 Dahl
1082 848 1175 946 legit
1189 848 1269 945 spe·

298 975 435 1050 cimina
449 976 556 1070 plura
573 969 819 1069 Brunsuigae,
846 971 886 1043 in
902 974 1071 1073 gramine
1086 976 1130 1047 ad
1146 974 1268 1052 foffas.

264 1147 269 1158 ·
351 1103 534 1202 Quamuis
556 1116 681 1171 autam
703 1100 830 1172 omnia
855 1126 949 1196 quae
965 1103 1046 1176 vidi
1064 1103 1270 1197 specimina
1367 1093 1370 1096 ’

301 1232 348 1306 ad
380 1255 496 1306 vnam
529 1228 759 1322 eandemque
785 1227 943 1322 speciem
968 1229 1157 1304 referenda
1184 1230 1271 1323 lint,

301 1377 465 1433 attamen
487 1357 666 1456 quasdam
687 1354 843 1431 obseruo
868 1355 1093 1432 differentias
1108 1361 1206 1434 inter
1223 1369 1268 1438 0.

267 1527 270 1539 ·
300 1491 515 1589 pallipedem
538 1485 787 1588 germanicum
813 1501 850 1554 et
874 1489 917 1560 O.
941 1491 1160 1587 pallipedem
1185 1496 1271 1592 gal.

304 1620 434 1695 licumr
469 1617 533 1690 Illi
567 1614 703 1684 thorax
735 1637 869 1708 nempe
900 1619 1013 1712 paulo
1047 1619 1268 1709 corruerim,

303 1766 488 1843 punctura
513 1743 626 1841 paulo
652 1737 825 1811 subtilior
851 1739 916 1829 est,
951 1747 1099 1839 punctis
1133 1748 1273 1840 elytro-

303 1900 391 1946 rum
412 1876 534 1947 adhuc
558 1873 711 1969 quidem
737 1868 937 1959 distinctis,
967 1874 1127 1948 thoracis
1141 1895 1270 1950 autam

304 2000 572 2085 subtilissrmiu
607 1999 707 2072 sulca
736 1999 896 2070 thoracis
923 1999 1147 2096 quibusdam
1172 2005 1271 2077 indi·

305 2129 431 2202 viduis
467 2128 630 2202 obsoleta
663 2125 735 2213 est,
768 2124 991 2220 quibusdam
1027 2135 1187 2208 omnino
1209 2164 1273 2208 ex·

304 2257 440 2345 tincta,
466 2259 623 2354 eiusque
635 2259 719 2328 loco
733 2255 830 2327 linea
842 2257 961 2329 nitida
975 2260 1137 2334 obsoleta
1149 2261 1273 2359 super·

309 2381 368 2456 est.
428 2385 590 2458 Obseruo
624 2385 738 2456 etiam
778 2385 819 2456 in
851 2389 893 2458 0.
930 2391 1108 2486 pallipede
1131 2394 1269 2491 gallico

305 2529 446 2607 puncta
478 2515 554 2586 duo
588 2516 730 2589 maiora
765 2514 805 2585 in
828 2514 931 2587 disco
958 2517 1138 2607 thoracis,
1175 2545 1271 2614 quaa

308 2647 518 2746 gemonico
536 2644 596 2716 vel
613 2643 770 2716 omniuo
785 2642 936 2730 desunt,
962 2646 1042 2732 val,
1062 2645 1271 2742 etquidem

308 2751 574 2867 speciminibus
599 2774 695 2860 illis,
728 2772 868 2868 quibua
892 2770 989 2844 sulca
1017 2773 1274 2872 longitudina·

306 2899 355 2998 lis
376 2901 537 2975 thoracis
561 2873 718 2973 cornino
742 2898 857 2986 deest,
883 2899 1056 2974 obsoleta·
1071 2901 1184 3000 sunt„

262 3047 319 3117 13.
346 3033 389 3101 0.
412 3031 542 3126 latipes
569 3029 690 3124 palpia
715 3026 977 3117 filiformibus‚
1009 3030 1112 3108 haud
1136 3033 1275 3106 acumi-

306 3157 422 3240 natis3
446 3158 594 3228 thoraca
616 3153 750 3251 postica
776 3151 962 3230 truncato.

275 3281 278 3286 ’
354 3289 473 3382 Long.
502 3291 546 3384 a}
573 3283 640 3356 lin.

354 3416 492 3507 Corpus
515 3411 703 3499 nitidum,
729 3409 807 3485 fero
831 3410 1092 3503 cylindricum.

355 3544 474 3635 Caput
506 3535 846 3627 suborbiculatum,
891 3542 1052 3615 thoracis
1085 3543 1271 3643 magnitu-

302 3671 409 3756 dine,
451 3669 626 3767 nigrum,
667 3687 872 3762 punctum,
912 3670 958 3741 ad
994 3666 1097 3743 bafia
1136 3672 1270 3746 leuius.

303 3795 433 3872 Oculis
467 3795 592 3890 paruis
632 3798 855 3869 lateralibus.
924 3797 1043 3874 Labio
1078 3789 1270 3896 palpisqua

303 3925 406 3999 ruha.
437 3924 636 3997 *Antennia
662 3926 781 4020 capite
802 3925 1051 4024 longioribus,
1076 3925 1268 4021 pilosellic,

305 4053 416 4139 rufis;
457 4054 617 4128 articulo
650 4055 772 4153 primo
805 4056 954 4128 clauato
988 4054 1183 4156 longiora5
1222 4053 1271 4126 sa·
1359 4053 1360 4061 ’

1144 4183 1268 4256 cundo
1358 4203 1359 4229 ¹
