2804 4798
260 374 333 453 aas
481 369 484 374 '
594 363 657 436 tv.
680 359 992 439 Lathrcbiurrc'

628 625 792 744 'Grave
830 659 893 728 IV.

514 841 1004 914 caraaocrvst.
1076 796 1080 799 ⁶
1233 835 1237 842 ·

330 1061 546 1150 Lethrcbia,
579 1061 711 1133 habitu
735 1055 971 1153 planiusculc
996 1057 1186 1153 silisormi,
1210 1086 1266 1136 ca·

188 1215 190 1220 ’
254 1195 331 1291 pite
353 1195 576 1287 thoraceque
600 1189 769 1286 punctis,
800 1191 873 1260 hoc
898 1189 1133 1286 rectangulo,
1168 1214 1268 1263 ere·

253 1323 371 1420 liquis
393 1317 620 1414 Coleopteris
639 1317 874 1410 Micrcpteria
898 1314 973 1388 iarn
989 1314 1169 1414 distingui
1182 1342 1267 1411 pos·
1332 1349 1334 1354 ·

253 1455 350 1526 sunt,
398 1448 602 1548 Staphylini
626 1446 712 1518 farn.
723 1455 787 1535 11.,
804 1446 952 1544 quibus,
973 1445 1095 1540 primo
1106 1444 1264 1534 intuitu,

252 1578 432 1654 similiora
459 1573 528 1648 esse
552 1575 747 1662 videntur,
773 1575 907 1646 habitu
931 1572 1017 1644 sunt
1043 1571 1154 1666 paulo
1176 1597 1265 1644 cou-

253 1708 424 1794 vexiore,
456 1705 607 1776 thorace
635 1671 733 1772 haud
760 1700 913 1774 consuse
939 1700 997 1773 sed
1021 1702 1081 1775 vel
1104 1699 1264 1772 omnino
1303 1741 1305 1744 ·

251 1859 333 1909 non
356 1835 416 1905 rel
437 1831 581 1928 parcius
602 1823 638 1902 ct
659 1828 815 1903 strictim
827 1847 987 1925 puncto,
1011 1829 1166 1924 pedibus
1181 1830 1265 1902 lon·

254 1964 425 2064 giorihus
447 1965 497 2032 'et
528 1957 805 2058 gracilioribus,
856 1955 975 2052 palpis
1009 1954 1264 2046 silisormibus,

253 2093 321 2190 qui
344 2091 531 2184 optimum
550 2091 724 2183 praebent
739 2088 982 2160 characterem
995 2083 1262 2160 distinctiuum.

250 2220 357 2315 Palpi
379 2216 584 2320 acuminati
600 2215 704 2302 sunt,
734 2232 887 2308 excepto
903 2221 944 2285 L.
957 2217 1114 2310 lctipede
1128 2215 1263 2312 (Pinc-

250 2346 378 2439 philus
403 2349 457 2416 Μ.
487 2367 518 2436 p.
536 2349 654 2434 aar),
685 2345 746 2415 cui
770 2341 983 2432 filifurmes,
1012 2361 1054 2415 vt
1077 2341 1263 2438 staphyli·

249 2477 322 2548 nis.
347 2513 398 2528 -
428 2478 486 2542 De
501 2467 746 2544 similitudine
766 2473 1055 2543 Lathrohiorum
1077 2496 1164 2544 cum
1180 2469 1262 2566 qui·

249 2600 406 2674 busdam
421 2602 590 2672 Pcederis
607 2599 691 2669 vide
705 2626 763 2686 ea,
781 2624 875 2694 quae
888 2599 933 2671 de
945 2601 1110 2674 Paederis
1128 2599 1261 2674 dicam.

321 2734 424 2800 Haec
448 2726 534 2836 sunt
561 2754 655 2823 quae
680 2729 724 2798 de
748 2728 980 2817 Lathrobiis,
1012 2729 1178 2825 respectu
1200 2753 1261 2826 ge·

119 2865 124 2874 '
247 2840 383 2930 iterum
402 2855 563 2928 aliorum
582 2882 735 2928 monere
755 2883 814 2929 me
830 2859 1016 2954 oportuit;
1041 2858 1137 2928 haud
1154 2854 1260 2928 enim

249 3010 395 3073 vereor,
429 3009 618 3080 quemque
647 2985 847 3057 Lathrobia
879 3012 967 3057 cum
998 2988 1078 3060 vllo
1101 2982 1176 3055 alio
1200 3009 1260 3082 ge-

248 3140 338 3186 nere
376 3111 605 3185 confundere
639 3110 753 3204 posse,
790 3114 879 3185 licet
912 3115 1137 3187 characteres
1171 3109 1260 3181 huic

250 3242 380 3340 generi
405 3240 545 3334 proprii
568 3240 767 3332 peculiares
784 3267 858 3312 nou
874 3241 1027 3315 exstent.
1067 3241 1261 3310 character

246 3386 353 3440 totus
395 3369 592 3456 naturalis,
639 3369 701 3440 seu
737 3374 955 3466 complexus
994 3375 1259 3463 characterum,

248 3500 316 3594 qui
348 3498 524 3570 omnibus
553 3497 665 3566 huius
697 3498 840 3595 generis
870 3499 1059 3594 speciebus
1089 3526 1260 3573 commu·

249 3651 312 3696 nes
339 3625 443 3712 sunt,
481 3621 667 3695 sufficient
698 3626 743 3695 ad
773 3627 1018 3721 praebendam
1049 3630 1258 3726 genericam

246 3753 538 3826 distinctionem.
612 3751 775 3824 Habitus
817 3756 878 3825 hic
924 3772 1045 3826 certus
1080 3755 1259 3827 naturalis

247 3885 376 3954 omnia
416 3879 614 3952 Lathrobia
651 3879 786 3978 iungit.
839 3881 914 3979 Qui
946 3901 1070 3955 autern
1107 3858 1260 3978 systema

244 4008 454 4101 artificiale,
490 4011 657 4109 partibus
693 4012 769 4084 cris
804 4028 869 4086 aut
899 4011 1039 4106 pedum
1067 4011 1259 4097 innixum,

1125 4139 1260 4212 conde·
