2814 4810
262 413 312 472 vr
551 366 556 380 ⁸
649 405 892 461 rarrrrrro.

267 575 342 657 rali
379 572 503 673 vulgo
540 567 589 646 lic
628 567 734 645 dicto
767 571 886 672 longe
919 570 1095 648 inuicem
1127 592 1279 654 remota

272 716 401 791 erant,
436 699 578 787 serius,
604 695 760 772 simulac
782 699 915 800 plures
939 700 1082 800 species
1108 703 1281 801 profere-
1385 749 1387 804 y

268 836 431 922 bantur,
466 831 588 932 magis
619 827 820 926 magisque
851 829 1279 928 appropinquabantur,
1386 837 1387 844 ’

268 961 396 1040 donec
417 959 576 1036 tandem
599 955 766 1031 confinia
787 979 927 1029 eorum
953 957 1020 1029 vix
1045 957 1142 1033 dum
1163 959 1281 1061 defig-

268 1092 355 1168 ttari
377 1102 576 1190 poterant,
601 1109 673 1159 nec
693 1081 764 1157 nili
785 1083 902 1158 vnico
922 1083 1049 1158 forsan
1064 1084 1280 1163 charactere

270 1218 514 1306 distinctiuo,
546 1237 628 1311 quo
653 1225 759 1286 totus
781 1210 975 1286 character
1000 1229 1183 1288 externus
1208 1218 1281 1289 mi·

269 1349 380 1422 nime
402 1344 710 1445 exprimebatur,
744 1363 884 1441 genera
907 1336 972 1411 ista
996 1337 1281 1443 distingueban-

221 1504 223 1508 ·
271 1490 361 1563 tur;
390 1499 498 1548 nunc
518 1491 670 1562 autem,
694 1470 840 1569 regulis
864 1467 1075 1568 systematis
1097 1473 1284 1548 naturalis

259 1601 451 1693 sublatis,
479 1601 641 1702 systema
670 1599 865 1676 artificiale
896 1600 1030 1672 locum
1061 1598 1146 1674 eius
1169 1625 1285 1676 occu·

273 1731 401 1833 pabat.
465 1735 571 1805 Haec
604 1731 841 1830 experientia
878 1727 922 1800 in
960 1726 1284 1825 Coleopterorum

273 1841 616 1959 Micropterorum
641 1855 840 1956 systemate
862 1878 1021 1952 quoque
1043 1855 1142 1928 mihi
1163 1854 1201 1930 se
1217 1857 1285 1931 ob-

270 1987 387 2062 tulit:
413 1991 446 2060 E
461 1986 668 2086 generibus
689 1984 853 2084 receptis
870 1984 1007 2058 Stenas
1020 1981 1283 2076 solummodo,

173 2191 175 2198 .
275 2116 510 2213 Oxyporus,
545 2106 694 2212 Piestns
728 2126 767 2186 et
790 2102 1027 2217 Lamechnsa
1051 2107 1195 2188 finibus
1220 2114 1287 2189 ad.

274 2243 357 2334 huc
381 2241 470 2315 satis
495 2241 670 2340 praecisrs
696 2239 871 2344 contenti
894 2233 984 2314 sunt
1009 2239 1061 2311 ita
1087 2255 1130 2314 vt
1152 2244 1284 2341 primo
1386 2239 1387 2310 ἶ

273 2369 401 2446 statim
424 2370 593 2457 intuitu,
616 2366 787 2442 ehabitu
806 2366 972 2440 naturali
987 2383 1168 2458 externo,
1191 2369 1284 2446 defi·

275 2500 359 2588 niri
396 2497 549 2600 possint.
601 2495 769 2590 Reliqua
806 2510 937 2568 autem
968 2520 1108 2594 genera
1142 2501 1286 2592 omnia,

275 2627 504 2704 immediate
531 2625 598 2702 vel
628 2613 817 2711 mediate,
854 2646 979 2694 vnum
1011 2647 1082 2720 per
1104 2624 1284 2720 alterum,
1384 2673 1386 2692 t

271 2756 379 2832 inter
410 2755 451 2832 se
485 2754 710 2840 cohaerent,
745 2764 785 2823 et
809 2748 998 2847 quaedam
1023 2776 1164 2827 eorum
1185 2755 1284 2832 adeo

273 2885 320 2958 in
360 2884 434 2958 alia
476 2883 799 2982 Coleopterorum
833 2902 994 2978 genera,
1033 2877 1283 2979 asystemate

271 3012 611 3112 Micropterorum
643 3003 812 3094 exclusa,
854 3003 1065 3080 transeunt.
1132 3011 1282 3087 Tabula
1385 3091 1386 3106 ,

271 3136 528 3228 affinitatum,
575 3135 767 3236 opusculo
808 3133 904 3208 huic
940 3132 1106 3226 adnexa,
1158 3141 1284 3240 magis

275 3265 416 3342 reddet
456 3263 707 3366 perspicuum
738 3260 848 3360 quod
876 3259 979 3352 dixi,
1025 3263 1210 3363 quodque
1240 3265 1286 3347 in

272 3391 362 3494 ipso
394 3409 522 3483 textu,
553 3392 696 3468 scilicet
716 3391 760 3466 in
786 3389 937 3491 generis
959 3392 1151 3491 cuiusque
1173 3421 1284 3496 prae·

273 3519 414 3610 mitfis,
436 3521 577 3596 clarius
598 3544 790 3619 exponam
798 3545 810 3609 ς
833 3516 901 3590 vbi
918 3518 1150 3600 characteres
1166 3529 1283 3604 etiam

272 3647 495 3748 explicabo,
541 3648 685 3747 quibus
719 3646 815 3720 haec
857 3671 996 3746 genera
1035 3651 1283 3730 artificialiter
1382 3647 1385 3664 '

274 3773 429 3875 seiungi
457 3791 573 3875 atque
597 3771 781 3872 distingui
805 3773 978 3872 poffunt3
1010 3803 1150 3879 genera
1176 3789 1285 3862 enim

269 3903 498 4001 requisitum
523 3903 614 3980 sunt
634 3901 886 3980 necessarium
908 3904 951 3980 in
972 3904 1171 4006 systemate
1196 3937 1283 3988 cor·
1384 3949 1385 3960 ¹

269 4053 419 4148 porum
464 4032 715 4112 naturalium.
740 4055 804 4096 ·-
860 4033 997 4114 Redeo
1041 4037 1186 4126 iterum
1230 4042 1283 4118 ad
1384 4061 1385 4078 ¹

1111 4172 1281 4266 Stenum,
