2814 4810
265 383 309 452 ιε
540 379 568 444 1.
596 372 845 474 Tachyporus.
878 381 918 450 F.
930 382 996 454 111.

364 560 491 636 Huius
519 558 653 653 speciei
678 561 924 637 intermediae
947 565 1146 645 indiuiduo
1173 599 1284 670 quee-

313 693 400 764 dam
462 691 787 784 prehendebantur
829 695 872 768 in
919 693 1122 774 fruticibus
1164 725 1280 800 prope

314 819 562 920 Brunluigem
589 861 639 876 —
665 821 776 894 Dolrl.

288 985 334 1052 Τ.
357 977 479 1075 niger,
528 976 692 1066 nitidus,
734 979 894 1051 thoracis
930 995 970 1053 et
999 983 1278 1080 coleoptrorum
1383 975 1384 978 ¹

281 1143 290 1150 ·
314 1107 546 1222 marginibus
563 1107 798 1195 lateralibus,
821 1133 982 1182 necnon
999 1110 1276 1206 coleoptrorum

311 1239 482 1335 margine
505 1234 658 1330 apicali,
682 1234 913 1333 pediburque
938 1235 1110 1313 testaceis.

347 1503 487 1595 Caput
516 1494 680 1589 nigrum.
731 1491 918 1563 Antennir
952 1492 1272 1588 obscuro-fulcit,

91 1653 97 1668 ·
204 1723 206 1728 Ι
310 1625 470 1701 articulo
497 1620 620 1715 primo
642 1620 831 1692 interdum
855 1622 965 1714 paulo
992 1623 1195 1715 pallidiore.

366 1755 520 1829 Thorax
542 1749 662 1847 niger,
689 1748 917 1846 marginibus
942 1750 1272 1826 laterclibuateste·
1381 1763 1384 1776 “

168 1927 172 1934 κ
306 1885 401 1972 ceis,
439 1882 505 1978 qui
539 1881 644 1950 color
675 1895 800 1948 autem
835 1875 1046 1950 distinctior
1074 1878 1124 1952 est
1153 1907 1270 1976 quem

302 2016 345 2087 in
380 2013 423 2086 T.
429 2007 639 2110 fimetario,
663 2006 788 2078 minus
805 2024 929 2079 autem
946 2005 1137 2079 distinetur
1153 2034 1269 2105 quem

303 2142 344 2212 in
378 2139 421 2214 T.
440 2137 667 2235 marginello.

354 2268 548 2361 Coleoptrc
574 2262 679 2359 nigre
705 2259 768 2332 seu
792 2261 1052 2360 nigro-fulcu
1083 2263 1188 2366 striga
1215 2269 1267 2342 le·

255 2413 266 2475 1
303 2393 429 2478 terali,
456 2393 500 2463 ab
527 2395 627 2489 epioe
653 2396 896 2464 humerorum
918 2391 1042 2462 versus
1058 2395 1267 2494 marginem

301 2517 497 2593 testaceum
523 2521 719 2615 epicelem,
744 2548 856 2618 quem
880 2539 1004 2593 tamen
1027 2523 1126 2595 haud
1151 2524 1265 2599 attin·

299 2650 373 2750 git,
398 2649 563 2720 deducte.

349 2777 538 2852 Abdomen
561 2776 725 2875 nigrum.

349 2909 462 2980 Pedes
477 2904 580 2977 rufo·
592 2903 751 2993 testacei,
777 2904 983 2977 femoribus
995 2883 1135 3000 pollicis
1144 2906 1259 3001 paulo

297 3033 580 3106 obscurioribus.
1178 3006 1180 3011 -

349 3167 380 3236 Ε
413 3163 657 3260 descriptione
695 3161 808 3234 huius
848 3162 1056 3256 Tecbypori
1097 3162 1258 3257 adparet,

296 3315 384 3363 enm
422 3293 590 3364 medium
621 3288 745 3364 t'enere
778 3291 873 3360 inter
906 3289 946 3363 T.
960 3285 1189 3390 fimetarium
1222 3312 1259 3366 et

294 3422 571 3522 morginellrrrrr,·
594 3438 632 3492 at
652 3435 812 3514 utroque
835 3415 884 3490 eli
910 3418 1048 3490 minor.

243 3670 301 3738 so.
335 3650 377 3725 T.
391 3653 510 3747 pullus
534 3655 588 3723 M.
615 3672 649 3744 p.
666 3665 747 3737 140.

339 3785 451 3852 Hunc
484 3779 747 3871 Tachyporum
772 3783 893 3850 Sturm
913 3801 1063 3852 mecum
1087 3803 1253 3851 commu·

286 3907 428 3980 niceuit
452 3907 517 3978 sub
543 3903 702 3979 nomina
729 3909 923 4007 Omyporus
939 3905 1072 4007 ruflpes
1089 3907 1193 3978 Fabr.
1213 3922 1251 3976 et

286 4037 452 4124 Ponzerr',
488 4061 574 4108 cum
604 4057 680 4131 quo
709 4034 820 4106 etiam
855 4060 1062 4135 congruere
1089 4035 1249 4108 videtur.

1174 4164 1246 4236 Ox.
