<?xml version="1.0" encoding="UTF-8"?>
<!DOCTYPE html PUBLIC "-//W3C//DTD XHTML 1.0 Transitional//EN"
    "http://www.w3.org/TR/xhtml1/DTD/xhtml1-transitional.dtd">
<html xmlns="http://www.w3.org/1999/xhtml" xml:lang="en" lang="en">
 <head>
  <title>
</title>
<meta http-equiv="Content-Type" content="text/html;charset=utf-8" />
  <meta name='ocr-system' content='tesseract 3.04.00' />
  <meta name='ocr-capabilities' content='ocr_page ocr_carea ocr_par ocr_line ocrx_word'/>
</head>
<body>
  <div class='ocr_page' id='page_1' title='image "./monographiacole00gravgoog_0167.png"; bbox 0 0 2804 4798; ppageno 0'>
   <div class='ocr_carea' id='block_1_1' title="bbox 262 298 916 453">
    <p class='ocr_par' dir='ltr' id='par_1_1' title="bbox 262 298 916 453">
     <span class='ocr_line' id='line_1_1' title="bbox 262 298 916 453; baseline -0.009 -17"><span class='ocrx_word' id='word_1_1' title='bbox 262 371 336 453; x_wconf 73' lang='lat'><strong>²44</strong></span> <span class='ocrx_word' id='word_1_2' title='bbox 434 349 437 358; x_wconf 82' lang='grc'><strong>“</strong></span> <span class='ocrx_word' id='word_1_3' title='bbox 585 298 681 431; x_wconf 29' lang='lat' dir='ltr'><strong>*vt</strong></span> <span class='ocrx_word' id='word_1_4' title='bbox 704 353 916 430; x_wconf 64' lang='lat' dir='ltr'><strong>attactae</strong></span> 
     </span>
    </p>
   </div>
   <div class='ocr_carea' id='block_1_2' title="bbox 510 651 1022 909">
    <p class='ocr_par' dir='ltr' id='par_1_2' title="bbox 510 651 1022 909">
     <span class='ocr_line' id='line_1_2' title="bbox 637 651 894 722; baseline 0.008 -2"><span class='ocrx_word' id='word_1_5' title='bbox 637 651 894 722; x_wconf 78' lang='lat' dir='ltr'><strong>GanraVI.</strong></span> 
     </span>
     <span class='ocr_line' id='line_1_3' title="bbox 510 837 1022 909; baseline -0.002 -1"><span class='ocrx_word' id='word_1_6' title='bbox 510 837 1022 909; x_wconf 78' lang='lat' dir='ltr'>ALEOCHARA.</span> 
     </span>
    </p>
   </div>
   <div class='ocr_carea' id='block_1_3' title="bbox 157 1045 1274 2686">
    <p class='ocr_par' dir='ltr' id='par_1_3' title="bbox 260 1045 1274 1534">
     <span class='ocr_line' id='line_1_4' title="bbox 337 1045 1272 1145; baseline -0.002 -21"><span class='ocrx_word' id='word_1_7' title='bbox 337 1055 485 1138; x_wconf 81' lang='lat' dir='ltr'><strong>Genua,</strong></span> <span class='ocrx_word' id='word_1_8' title='bbox 509 1049 613 1144; x_wconf 84' lang='lat' dir='ltr'><strong>quod</strong></span> <span class='ocrx_word' id='word_1_9' title='bbox 627 1051 747 1122; x_wconf 85' lang='lat' dir='ltr'><strong>multa</strong></span> <span class='ocrx_word' id='word_1_10' title='bbox 761 1048 1022 1145; x_wconf 85' lang='lat' dir='ltr'><strong>complectitor</strong></span> <span class='ocrx_word' id='word_1_11' title='bbox 1032 1045 1272 1145; x_wconf 81' lang='lat' dir='ltr'><strong>Mitroptera,</strong></span> 
     </span>
     <span class='ocr_line' id='line_1_5' title="bbox 260 1175 1272 1274; baseline -0.004 -20"><span class='ocrx_word' id='word_1_12' title='bbox 260 1177 395 1255; x_wconf 78' lang='lat' dir='ltr'><strong>habitu</strong></span> <span class='ocrx_word' id='word_1_13' title='bbox 418 1176 583 1252; x_wconf 84' lang='lat' dir='ltr'><strong>naturali</strong></span> <span class='ocrx_word' id='word_1_14' title='bbox 606 1195 708 1265; x_wconf 90' lang='lat' dir='ltr'><strong>toto,</strong></span> <span class='ocrx_word' id='word_1_15' title='bbox 735 1195 773 1248; x_wconf 85' lang='lat' dir='ltr'><strong>et</strong></span> <span class='ocrx_word' id='word_1_16' title='bbox 798 1177 962 1271; x_wconf 83' lang='lat' dir='ltr'><strong>partibus</strong></span> <span class='ocrx_word' id='word_1_17' title='bbox 987 1175 1100 1248; x_wconf 89' lang='lat' dir='ltr'><strong>etiam</strong></span> <span class='ocrx_word' id='word_1_18' title='bbox 1116 1176 1272 1274; x_wconf 78' lang='lat' dir='ltr'><strong>lingulis</strong></span> 
     </span>
     <span class='ocr_line' id='line_1_6' title="bbox 261 1303 1274 1402; baseline -0.005 -22"><span class='ocrx_word' id='word_1_19' title='bbox 261 1306 346 1380; x_wconf 76' lang='lat' dir='ltr'><strong>latit</strong></span> <span class='ocrx_word' id='word_1_20' title='bbox 363 1305 522 1394; x_wconf 79' lang='lat' dir='ltr'><strong>diuersa,</strong></span> <span class='ocrx_word' id='word_1_21' title='bbox 548 1307 615 1394; x_wconf 85' lang='lat' dir='ltr'><strong>ita,</strong></span> <span class='ocrx_word' id='word_1_22' title='bbox 638 1322 681 1380; x_wconf 80' lang='lat' dir='ltr'><strong>vt</strong></span> <span class='ocrx_word' id='word_1_23' title='bbox 697 1305 861 1380; x_wconf 83' lang='lat' dir='ltr'><strong>familiae</strong></span> <span class='ocrx_word' id='word_1_24' title='bbox 877 1307 958 1395; x_wconf 80' lang='lat' dir='ltr'><strong>sex,</strong></span> <span class='ocrx_word' id='word_1_25' title='bbox 983 1306 1024 1377; x_wconf 90' lang='lat' dir='ltr'><strong>in</strong></span> <span class='ocrx_word' id='word_1_26' title='bbox 1044 1329 1135 1402; x_wconf 83' lang='lat' dir='ltr'><strong>quat</strong></span> <span class='ocrx_word' id='word_1_27' title='bbox 1154 1303 1274 1376; x_wconf 83' lang='lat' dir='ltr'><strong>distri·</strong></span> 
     </span>
     <span class='ocr_line' id='line_1_7' title="bbox 261 1431 1270 1534; baseline -0.004 -26"><span class='ocrx_word' id='word_1_28' title='bbox 261 1433 452 1522; x_wconf 83' lang='lat' dir='ltr'><strong>bttuatur,</strong></span> <span class='ocrx_word' id='word_1_29' title='bbox 491 1432 613 1506; x_wconf 83' lang='lat' dir='ltr'><strong>forsan</strong></span> <span class='ocrx_word' id='word_1_30' title='bbox 644 1436 751 1530; x_wconf 87' lang='lat' dir='ltr'><strong>plura</strong></span> <span class='ocrx_word' id='word_1_31' title='bbox 777 1461 907 1534; x_wconf 84' lang='lat' dir='ltr'><strong>genera</strong></span> <span class='ocrx_word' id='word_1_32' title='bbox 933 1433 1093 1508; x_wconf 87' lang='lat' dir='ltr'><strong>condere</strong></span> <span class='ocrx_word' id='word_1_33' title='bbox 1119 1431 1270 1528; x_wconf 82' lang='lat' dir='ltr'><strong>pollrnt:</strong></span> 
     </span>
    </p>

    <p class='ocr_par' dir='ltr' id='par_1_4' title="bbox 157 1562 1271 2686">
     <span class='ocr_line' id='line_1_8' title="bbox 337 1562 1271 1662; baseline -0.001 -27"><span class='ocrx_word' id='word_1_34' title='bbox 337 1565 489 1636; x_wconf 82' lang='lat' dir='ltr'><strong>Familia</strong></span> <span class='ocrx_word' id='word_1_35' title='bbox 505 1571 534 1637; x_wconf 90' lang='lat'><strong>1.</strong></span> <span class='ocrx_word' id='word_1_36' title='bbox 560 1565 840 1662; x_wconf 85' lang='lat' dir='ltr'><strong>comprehendit</strong></span> <span class='ocrx_word' id='word_1_37' title='bbox 869 1562 1107 1648; x_wconf 85' lang='lat' dir='ltr'><strong>Aleochatat,</strong></span> <span class='ocrx_word' id='word_1_38' title='bbox 1134 1563 1271 1656; x_wconf 85' lang='lat' dir='ltr'><strong>quibua</strong></span> 
     </span>
     <span class='ocr_line' id='line_1_9' title="bbox 261 1691 1269 1794; baseline -0.002 -30"><span class='ocrx_word' id='word_1_39' title='bbox 261 1707 383 1790; x_wconf 79' lang='lat' dir='ltr'><strong>partes</strong></span> <span class='ocrx_word' id='word_1_40' title='bbox 413 1697 536 1770; x_wconf 87' lang='lat' dir='ltr'><strong>trunci</strong></span> <span class='ocrx_word' id='word_1_41' title='bbox 566 1699 679 1794; x_wconf 88' lang='lat' dir='ltr'><strong>paulo</strong></span> <span class='ocrx_word' id='word_1_42' title='bbox 714 1694 865 1790; x_wconf 86' lang='lat' dir='ltr'><strong>quidem</strong></span> <span class='ocrx_word' id='word_1_43' title='bbox 899 1691 1032 1763; x_wconf 85' lang='lat' dir='ltr'><strong>arctina</strong></span> <span class='ocrx_word' id='word_1_44' title='bbox 1061 1691 1269 1782; x_wconf 77' lang='lat' dir='ltr'><strong>cohaerent,</strong></span> 
     </span>
     <span class='ocr_line' id='line_1_10' title="bbox 259 1817 1268 1923; baseline -0.001 -28"><span class='ocrx_word' id='word_1_45' title='bbox 259 1849 375 1923; x_wconf 86' lang='lat' dir='ltr'><strong>quarn</strong></span> <span class='ocrx_word' id='word_1_46' title='bbox 400 1824 574 1918; x_wconf 79' lang='lat' dir='ltr'><strong>plurimis</strong></span> <span class='ocrx_word' id='word_1_47' title='bbox 591 1823 755 1896; x_wconf 85' lang='lat' dir='ltr'><strong>familiae</strong></span> <span class='ocrx_word' id='word_1_48' title='bbox 770 1820 974 1915; x_wconf 81' lang='lat' dir='ltr'><strong>sequentis,</strong></span> <span class='ocrx_word' id='word_1_49' title='bbox 1000 1817 1125 1892; x_wconf 84' lang='lat' dir='ltr'><strong>laxius</strong></span> <span class='ocrx_word' id='word_1_50' title='bbox 1141 1838 1268 1894; x_wconf 85' lang='lat' dir='ltr'><strong>autem</strong></span> 
     </span>
     <span class='ocr_line' id='line_1_11' title="bbox 260 1946 1271 2052; baseline -0.006 -28"><span class='ocrx_word' id='word_1_51' title='bbox 260 1978 375 2052; x_wconf 85' lang='lat' dir='ltr'><strong>quarn</strong></span> <span class='ocrx_word' id='word_1_52' title='bbox 401 1953 632 2049; x_wconf 81' lang='lat' dir='ltr'><strong>cospeciebus</strong></span> <span class='ocrx_word' id='word_1_53' title='bbox 657 1950 830 2048; x_wconf 84' lang='lat' dir='ltr'><strong>plurimis</strong></span> <span class='ocrx_word' id='word_1_54' title='bbox 856 1947 1085 2022; x_wconf 72' lang='lat' dir='ltr'><strong>familiarum</strong></span> <span class='ocrx_word' id='word_1_55' title='bbox 1111 1946 1271 2043; x_wconf 85' lang='lat' dir='ltr'><strong>reliqua·</strong></span> 
     </span>
     <span class='ocr_line' id='line_1_12' title="bbox 157 2076 1269 2180; baseline -0.009 -23"><span class='ocrx_word' id='word_1_56' title='bbox 157 2157 159 2165; x_wconf 42' lang='lat'><strong>,</strong></span> <span class='ocrx_word' id='word_1_57' title='bbox 261 2107 358 2156; x_wconf 87' lang='lat' dir='ltr'><strong>rum.</strong></span> <span class='ocrx_word' id='word_1_58' title='bbox 382 2123 433 2140; x_wconf 90' lang='lat'><strong>·-</strong></span> <span class='ocrx_word' id='word_1_59' title='bbox 468 2085 597 2180; x_wconf 80' lang='lat' dir='ltr'><strong><em>Capite</em></strong></span> <span class='ocrx_word' id='word_1_60' title='bbox 619 2079 779 2167; x_wconf 82' lang='lat' dir='ltr'><strong>exserto,</strong></span> <span class='ocrx_word' id='word_1_61' title='bbox 812 2077 971 2150; x_wconf 77' lang='lat' dir='ltr'><strong>thoracis</strong></span> <span class='ocrx_word' id='word_1_62' title='bbox 997 2076 1269 2173; x_wconf 76' lang='lat' dir='ltr'><strong>magnitudine,</strong></span> 
     </span>
     <span class='ocr_line' id='line_1_13' title="bbox 261 2203 1270 2306; baseline -0.006 -22"><span class='ocrx_word' id='word_1_63' title='bbox 261 2207 386 2284; x_wconf 76' lang='lat' dir='ltr'><strong>fronte</strong></span> <span class='ocrx_word' id='word_1_64' title='bbox 399 2210 621 2306; x_wconf 84' lang='lat' dir='ltr'><strong>pleramque</strong></span> <span class='ocrx_word' id='word_1_65' title='bbox 638 2209 744 2302; x_wconf 88' lang='lat' dir='ltr'><strong>plana</strong></span> <span class='ocrx_word' id='word_1_66' title='bbox 754 2232 765 2290; x_wconf 90' lang='lat'>;</span> <span class='ocrx_word' id='word_1_67' title='bbox 789 2206 936 2280; x_wconf 84' lang='lat' dir='ltr'><strong>thorace</strong></span> <span class='ocrx_word' id='word_1_68' title='bbox 946 2203 1144 2276; x_wconf 87' lang='lat' dir='ltr'><strong>latitudine</strong></span> <span class='ocrx_word' id='word_1_69' title='bbox 1158 2207 1270 2299; x_wconf 90' lang='lat' dir='ltr'><strong>paulo</strong></span> 
     </span>
     <span class='ocr_line' id='line_1_14' title="bbox 259 2334 1268 2436; baseline -0.002 -26"><span class='ocrx_word' id='word_1_70' title='bbox 259 2337 465 2436; x_wconf 75' lang='lat' dir='ltr'><strong>longiore„</strong></span> <span class='ocrx_word' id='word_1_71' title='bbox 490 2338 688 2432; x_wconf 83' lang='lat' dir='ltr'><strong>coleoptria</strong></span> <span class='ocrx_word' id='word_1_72' title='bbox 725 2335 922 2429; x_wconf 87' lang='lat' dir='ltr'><strong>paululum</strong></span> <span class='ocrx_word' id='word_1_73' title='bbox 960 2334 1124 2424; x_wconf 87' lang='lat' dir='ltr'><strong>minore,</strong></span> <span class='ocrx_word' id='word_1_74' title='bbox 1165 2336 1268 2408; x_wconf 83' lang='lat' dir='ltr'><strong>disco</strong></span> 
     </span>
     <span class='ocr_line' id='line_1_15' title="bbox 259 2462 1267 2558; baseline 0.004 -23"><span class='ocrx_word' id='word_1_75' title='bbox 259 2463 477 2558; x_wconf 78' lang='lat' dir='ltr'><strong>deplanato,</strong></span> <span class='ocrx_word' id='word_1_76' title='bbox 503 2463 691 2534; x_wconf 84' lang='lat' dir='ltr'><strong>interdurn</strong></span> <span class='ocrx_word' id='word_1_77' title='bbox 719 2462 1051 2552; x_wconf 85' lang='lat' dir='ltr'><strong>subcaneliculato,</strong></span> <span class='ocrx_word' id='word_1_78' title='bbox 1073 2489 1093 2538; x_wconf 86' lang='lat' dir='ltr'><strong>a</strong></span> <span class='ocrx_word' id='word_1_79' title='bbox 1117 2463 1267 2538; x_wconf 73' lang='lat' dir='ltr'><strong>caeteri·</strong></span> 
     </span>
     <span class='ocr_line' id='line_1_16' title="bbox 259 2587 1021 2686; baseline -0.001 -22"><span class='ocrx_word' id='word_1_80' title='bbox 259 2590 470 2664; x_wconf 81' lang='lat' dir='ltr'><strong>Aleocharia</strong></span> <span class='ocrx_word' id='word_1_81' title='bbox 496 2588 690 2686; x_wconf 80' lang='lat' dir='ltr'><strong>praecipue</strong></span> <span class='ocrx_word' id='word_1_82' title='bbox 715 2587 903 2663; x_wconf 76' lang='lat' dir='ltr'><strong>distinctae</strong></span> <span class='ocrx_word' id='word_1_83' title='bbox 926 2590 1021 2664; x_wconf 85' lang='lat' dir='ltr'><strong>lunt.</strong></span> 
     </span>
    </p>
   </div>
   <div class='ocr_carea' id='block_1_4' title="bbox 335 2719 1386 2814">
    <p class='ocr_par' dir='ltr' id='par_1_5' title="bbox 335 2719 1386 2814">
     <span class='ocr_line' id='line_1_17' title="bbox 335 2719 1386 2814; baseline 0 -24"><span class='ocrx_word' id='word_1_84' title='bbox 335 2721 485 2791; x_wconf 83' lang='lat' dir='ltr'><strong>Familia</strong></span> <span class='ocrx_word' id='word_1_85' title='bbox 506 2725 551 2790; x_wconf 86' lang='lat'><strong>11.</strong></span> <span class='ocrx_word' id='word_1_86' title='bbox 579 2719 862 2812; x_wconf 85' lang='lat' dir='ltr'><strong>comprehendit</strong></span> <span class='ocrx_word' id='word_1_87' title='bbox 888 2722 1103 2792; x_wconf 82' lang='lat' dir='ltr'><strong>Aleocharaa</strong></span> <span class='ocrx_word' id='word_1_88' title='bbox 1133 2743 1268 2814; x_wconf 89' lang='lat' dir='ltr'><strong>paruu·</strong></span> <span class='ocrx_word' id='word_1_89' title='bbox 1381 2767 1386 2778; x_wconf 46' lang='grc' dir='ltr'>ι</span> 
     </span>
    </p>
   </div>
   <div class='ocr_carea' id='block_1_5' title="bbox 256 2845 1291 3580">
    <p class='ocr_par' dir='ltr' id='par_1_6' title="bbox 256 2845 1291 3580">
     <span class='ocr_line' id='line_1_18' title="bbox 259 2845 1267 2944; baseline 0.004 -28"><span class='ocrx_word' id='word_1_90' title='bbox 259 2845 332 2934; x_wconf 83' lang='lat' dir='ltr'><strong>lat,</strong></span> <span class='ocrx_word' id='word_1_91' title='bbox 364 2845 492 2918; x_wconf 91' lang='lat' dir='ltr'><strong>habitu</strong></span> <span class='ocrx_word' id='word_1_92' title='bbox 520 2847 698 2941; x_wconf 85' lang='lat' dir='ltr'><strong>peculiari</strong></span> <span class='ocrx_word' id='word_1_93' title='bbox 723 2848 918 2944; x_wconf 78' lang='lat' dir='ltr'><strong>areliqaia</strong></span> <span class='ocrx_word' id='word_1_94' title='bbox 941 2847 1121 2933; x_wconf 53' lang='lat' dir='ltr'><strong>diuersa„</strong></span> <span class='ocrx_word' id='word_1_95' title='bbox 1153 2852 1267 2944; x_wconf 84' lang='lat' dir='ltr'><strong>capite</strong></span> 
     </span>
     <span class='ocr_line' id='line_1_19' title="bbox 259 2973 1265 3070; baseline 0 -24"><span class='ocrx_word' id='word_1_96' title='bbox 259 2992 298 3047; x_wconf 87' lang='lat' dir='ltr'><strong>et</strong></span> <span class='ocrx_word' id='word_1_97' title='bbox 318 2973 465 3048; x_wconf 79' lang='lat' dir='ltr'><strong>thorace</strong></span> <span class='ocrx_word' id='word_1_98' title='bbox 490 2977 574 3048; x_wconf 86' lang='lat' dir='ltr'><strong>laxe</strong></span> <span class='ocrx_word' id='word_1_99' title='bbox 599 2973 697 3046; x_wconf 87' lang='lat' dir='ltr'><strong>inter</strong></span> <span class='ocrx_word' id='word_1_100' title='bbox 722 2974 758 3048; x_wconf 86' lang='lat' dir='ltr'><strong>le</strong></span> <span class='ocrx_word' id='word_1_101' title='bbox 785 2994 822 3048; x_wconf 91' lang='lat' dir='ltr'><strong>et</strong></span> <span class='ocrx_word' id='word_1_102' title='bbox 846 3001 933 3058; x_wconf 86' lang='lat' dir='ltr'><strong>curn</strong></span> <span class='ocrx_word' id='word_1_103' title='bbox 959 2976 1104 3070; x_wconf 88' lang='lat' dir='ltr'><strong>reliquo</strong></span> <span class='ocrx_word' id='word_1_104' title='bbox 1132 2991 1265 3046; x_wconf 87' lang='lat' dir='ltr'><strong>trunco</strong></span> 
     </span>
     <span class='ocr_line' id='line_1_20' title="bbox 258 3101 1291 3202; baseline 0.002 -28"><span class='ocrx_word' id='word_1_105' title='bbox 258 3103 557 3186; x_wconf 79' lang='lat' dir='ltr'><strong>cohaerentibua3</strong></span> <span class='ocrx_word' id='word_1_106' title='bbox 579 3106 693 3200; x_wconf 85' lang='lat' dir='ltr'><strong>capite</strong></span> <span class='ocrx_word' id='word_1_107' title='bbox 714 3101 887 3202; x_wconf 81' lang='lat' dir='ltr'><strong>globoso,</strong></span> <span class='ocrx_word' id='word_1_108' title='bbox 910 3129 1106 3199; x_wconf 86' lang='lat' dir='ltr'><strong>nunquam</strong></span> <span class='ocrx_word' id='word_1_109' title='bbox 1121 3103 1266 3176; x_wconf 88' lang='lat' dir='ltr'><strong>minora</strong></span> <span class='ocrx_word' id='word_1_110' title='bbox 1288 3183 1291 3190; x_wconf 61' lang='grc'><em>,</em></span> 
     </span>
     <span class='ocr_line' id='line_1_21' title="bbox 259 3231 1266 3326; baseline 0.004 -25"><span class='ocrx_word' id='word_1_111' title='bbox 259 3253 372 3326; x_wconf 88' lang='lat' dir='ltr'><strong>quam</strong></span> <span class='ocrx_word' id='word_1_112' title='bbox 404 3233 557 3319; x_wconf 82' lang='lat' dir='ltr'><strong>thorax,</strong></span> <span class='ocrx_word' id='word_1_113' title='bbox 594 3232 735 3324; x_wconf 80' lang='lat' dir='ltr'><strong>saepius</strong></span> <span class='ocrx_word' id='word_1_114' title='bbox 765 3248 889 3302; x_wconf 87' lang='lat' dir='ltr'><strong>autem</strong></span> <span class='ocrx_word' id='word_1_115' title='bbox 922 3231 1082 3313; x_wconf 78' lang='lat' dir='ltr'><strong>maiore3</strong></span> <span class='ocrx_word' id='word_1_116' title='bbox 1119 3232 1266 3305; x_wconf 81' lang='lat' dir='ltr'><strong>thorace</strong></span> 
     </span>
     <span class='ocr_line' id='line_1_22' title="bbox 256 3356 1264 3458; baseline 0.003 -31"><span class='ocrx_word' id='word_1_117' title='bbox 256 3357 430 3456; x_wconf 80' lang='lat' dir='ltr'><strong>globoso,</strong></span> <span class='ocrx_word' id='word_1_118' title='bbox 457 3357 556 3430; x_wconf 86' lang='lat' dir='ltr'><strong>bafin</strong></span> <span class='ocrx_word' id='word_1_119' title='bbox 584 3359 730 3446; x_wconf 79' lang='lat' dir='ltr'><strong>versas,</strong></span> <span class='ocrx_word' id='word_1_120' title='bbox 761 3359 1020 3452; x_wconf 84' lang='lat' dir='ltr'><strong>rariuaapice,</strong></span> <span class='ocrx_word' id='word_1_121' title='bbox 1047 3356 1264 3458; x_wconf 77' lang='lat' dir='ltr'><strong>angustiore,</strong></span> 
     </span>
     <span class='ocr_line' id='line_1_23' title="bbox 256 3465 1267 3580; baseline -0.001 -24"><span class='ocrx_word' id='word_1_122' title='bbox 256 3465 457 3580; x_wconf 85' lang='lat' dir='ltr'><strong>coleoptrit</strong></span> <span class='ocrx_word' id='word_1_123' title='bbox 484 3487 645 3570; x_wconf 67' lang='lat' dir='ltr'><strong>minoret</strong></span> <span class='ocrx_word' id='word_1_124' title='bbox 679 3485 831 3558; x_wconf 87' lang='lat' dir='ltr'><strong>sulculis</strong></span> <span class='ocrx_word' id='word_1_125' title='bbox 856 3485 917 3558; x_wconf 84' lang='lat' dir='ltr'><strong>seu</strong></span> <span class='ocrx_word' id='word_1_126' title='bbox 943 3485 1042 3557; x_wconf 85' lang='lat' dir='ltr'><strong>sulco</strong></span> <span class='ocrx_word' id='word_1_127' title='bbox 1067 3486 1182 3558; x_wconf 89' lang='lat' dir='ltr'><strong>vnico</strong></span> <span class='ocrx_word' id='word_1_128' title='bbox 1206 3485 1267 3556; x_wconf 81' lang='lat' dir='ltr'><strong>vel</strong></span> 
     </span>
    </p>
   </div>
   <div class='ocr_carea' id='block_1_6' title="bbox 257 3607 1384 3714">
    <p class='ocr_par' dir='ltr' id='par_1_7' title="bbox 257 3607 1384 3714">
     <span class='ocr_line' id='line_1_24' title="bbox 257 3607 1384 3714; baseline 0.008 -33"><span class='ocrx_word' id='word_1_129' title='bbox 257 3607 386 3685; x_wconf 85' lang='lat' dir='ltr'><strong>laltem</strong></span> <span class='ocrx_word' id='word_1_130' title='bbox 415 3631 554 3708; x_wconf 87' lang='lat' dir='ltr'><strong>puncto</strong></span> <span class='ocrx_word' id='word_1_131' title='bbox 582 3638 719 3714; x_wconf 85' lang='lat' dir='ltr'><strong>magno</strong></span> <span class='ocrx_word' id='word_1_132' title='bbox 744 3631 832 3684; x_wconf 86' lang='lat' dir='ltr'><strong>anta</strong></span> <span class='ocrx_word' id='word_1_133' title='bbox 856 3613 1053 3686; x_wconf 83' lang='lat' dir='ltr'><strong>scutellum</strong></span> <span class='ocrx_word' id='word_1_134' title='bbox 1079 3611 1261 3713; x_wconf 86' lang='lat' dir='ltr'><strong>imprello.</strong></span> <span class='ocrx_word' id='word_1_135' title='bbox 1375 3674 1384 3690; x_wconf 77' lang='grc'>.</span> 
     </span>
    </p>
   </div>
   <div class='ocr_carea' id='block_1_7' title="bbox 254 3737 1263 4200">
    <p class='ocr_par' dir='ltr' id='par_1_8' title="bbox 254 3737 1263 4097">
     <span class='ocr_line' id='line_1_25' title="bbox 256 3737 1263 3841; baseline 0 -29"><span class='ocrx_word' id='word_1_136' title='bbox 256 3740 431 3813; x_wconf 82' lang='lat' dir='ltr'><strong>Sulculae</strong></span> <span class='ocrx_word' id='word_1_137' title='bbox 457 3739 646 3814; x_wconf 83' lang='lat' dir='ltr'><strong>distinctae</strong></span> <span class='ocrx_word' id='word_1_138' title='bbox 672 3743 801 3814; x_wconf 81' lang='lat' dir='ltr'><strong>breues</strong></span> <span class='ocrx_word' id='word_1_139' title='bbox 816 3743 860 3813; x_wconf 91' lang='lat' dir='ltr'><strong>ad</strong></span> <span class='ocrx_word' id='word_1_140' title='bbox 883 3737 982 3813; x_wconf 88' lang='lat' dir='ltr'><strong>halin</strong></span> <span class='ocrx_word' id='word_1_141' title='bbox 1002 3745 1263 3841; x_wconf 83' lang='lat' dir='ltr'><strong>coleoptrorum</strong></span> 
     </span>
     <span class='ocr_line' id='line_1_26' title="bbox 254 3867 1262 3962; baseline 0.003 -24"><span class='ocrx_word' id='word_1_142' title='bbox 254 3891 334 3938; x_wconf 89' lang='lat' dir='ltr'><strong>non</strong></span> <span class='ocrx_word' id='word_1_143' title='bbox 357 3867 427 3940; x_wconf 89' lang='lat' dir='ltr'><strong>nili</strong></span> <span class='ocrx_word' id='word_1_144' title='bbox 453 3868 494 3940; x_wconf 91' lang='lat' dir='ltr'><strong>in</strong></span> <span class='ocrx_word' id='word_1_145' title='bbox 522 3872 588 3943; x_wconf 89' lang='lat' dir='ltr'><strong>hac</strong></span> <span class='ocrx_word' id='word_1_146' title='bbox 612 3868 755 3942; x_wconf 83' lang='lat' dir='ltr'><strong>familia</strong></span> <span class='ocrx_word' id='word_1_147' title='bbox 781 3869 1110 3962; x_wconf 86' lang='lat' dir='ltr'><strong>deprehenduntur</strong></span> <span class='ocrx_word' id='word_1_148' title='bbox 1131 3886 1168 3940; x_wconf 90' lang='lat' dir='ltr'><strong>et</strong></span> <span class='ocrx_word' id='word_1_149' title='bbox 1189 3892 1262 3941; x_wconf 88' lang='lat' dir='ltr'><strong>vna</strong></span> 
     </span>
     <span class='ocr_line' id='line_1_27' title="bbox 254 3995 1261 4097; baseline 0.001 -30"><span class='ocrx_word' id='word_1_150' title='bbox 254 4017 342 4068; x_wconf 90' lang='lat' dir='ltr'><strong>curn</strong></span> <span class='ocrx_word' id='word_1_151' title='bbox 375 3995 547 4097; x_wconf 83' lang='lat' dir='ltr'><strong>glabritie</strong></span> <span class='ocrx_word' id='word_1_152' title='bbox 575 3999 855 4093; x_wconf 87' lang='lat' dir='ltr'><strong>coleoptrorum</strong></span> <span class='ocrx_word' id='word_1_153' title='bbox 875 4015 914 4070; x_wconf 85' lang='lat' dir='ltr'><strong>et</strong></span> <span class='ocrx_word' id='word_1_154' title='bbox 940 3999 1088 4072; x_wconf 87' lang='lat' dir='ltr'><strong>thoraca</strong></span> <span class='ocrx_word' id='word_1_155' title='bbox 1113 3997 1261 4072; x_wconf 88' lang='lat' dir='ltr'><strong>cordato</strong></span> 
     </span>
    </p>

    <p class='ocr_par' dir='ltr' id='par_1_9' title="bbox 1200 4125 1261 4200">
     <span class='ocr_line' id='line_1_28' title="bbox 1200 4125 1261 4200; baseline -0.033 0"><span class='ocrx_word' id='word_1_156' title='bbox 1200 4125 1261 4200; x_wconf 84' lang='lat' dir='ltr'><strong>seo</strong></span> 
     </span>
    </p>
   </div>
   <div class='ocr_carea' id='block_1_8' title="bbox 0 0 1406 4798">
    <p class='ocr_par' dir='ltr' id='par_1_10' title="bbox 0 0 1406 4798">
     <span class='ocr_line' id='line_1_29' title="bbox 0 0 1406 4798; baseline 0 2"><span class='ocrx_word' id='word_1_157' title='bbox 0 0 1406 4798; x_wconf 95' lang='lat' dir='ltr'><strong> </strong></span> 
     </span>
    </p>
   </div>
  </div>
 </body>
</html>
