<?xml version="1.0" encoding="UTF-8"?>
<!DOCTYPE html PUBLIC "-//W3C//DTD XHTML 1.0 Transitional//EN"
    "http://www.w3.org/TR/xhtml1/DTD/xhtml1-transitional.dtd">
<html xmlns="http://www.w3.org/1999/xhtml" xml:lang="en" lang="en">
 <head>
  <title>
</title>
<meta http-equiv="Content-Type" content="text/html;charset=utf-8" />
  <meta name='ocr-system' content='tesseract 3.04.00' />
  <meta name='ocr-capabilities' content='ocr_page ocr_carea ocr_par ocr_line ocrx_word'/>
</head>
<body>
  <div class='ocr_page' id='page_1' title='image "./monographiacole00gravgoog_0124.png"; bbox 0 0 2804 4798; ppageno 0'>
   <div class='ocr_carea' id='block_1_1' title="bbox 414 361 1153 464">
    <p class='ocr_par' dir='ltr' id='par_1_1' title="bbox 414 361 1153 464">
     <span class='ocr_line' id='line_1_1' title="bbox 414 361 1153 464; baseline 0.015 -26"><span class='ocrx_word' id='word_1_1' title='bbox 414 371 481 438; x_wconf 89' lang='lat'>111.</span> <span class='ocrx_word' id='word_1_2' title='bbox 507 361 750 464; x_wconf 76' lang='lat' dir='ltr'><strong>Staphylinus.</strong></span> <span class='ocrx_word' id='word_1_3' title='bbox 774 368 811 437; x_wconf 82' lang='lat' dir='ltr'><strong>F.</strong></span> <span class='ocrx_word' id='word_1_4' title='bbox 820 370 867 439; x_wconf 84' lang='lat'><strong>11.</strong></span> <span class='ocrx_word' id='word_1_5' title='bbox 1085 397 1153 450; x_wconf 87' lang='lat' dir='ltr'><strong>tor</strong></span> 
     </span>
    </p>
   </div>
   <div class='ocr_carea' id='block_1_2' title="bbox 132 552 1148 3582">
    <p class='ocr_par' dir='ltr' id='par_1_2' title="bbox 132 552 1148 909">
     <span class='ocr_line' id='line_1_2' title="bbox 136 552 750 653; baseline -0.008 -26"><span class='ocrx_word' id='word_1_6' title='bbox 136 573 217 629; x_wconf 74' lang='lat' dir='ltr'><strong>roo.</strong></span> <span class='ocrx_word' id='word_1_7' title='bbox 241 560 293 629; x_wconf 80' lang='lat' dir='ltr'><strong>St.</strong></span> <span class='ocrx_word' id='word_1_8' title='bbox 318 552 507 653; x_wconf 81' lang='lat' dir='ltr'><strong>glabrotus</strong></span> <span class='ocrx_word' id='word_1_9' title='bbox 533 555 589 624; x_wconf 91' lang='grc' dir='ltr'><strong>Μ.</strong></span> <span class='ocrx_word' id='word_1_10' title='bbox 616 578 651 649; x_wconf 87' lang='lat' dir='ltr'><strong>p.</strong></span> <span class='ocrx_word' id='word_1_11' title='bbox 670 571 750 641; x_wconf 79' lang='lat'><strong>173.</strong></span> 
     </span>
     <span class='ocr_line' id='line_1_3' title="bbox 132 663 1148 787; baseline -0.01 -29"><span class='ocrx_word' id='word_1_12' title='bbox 132 711 214 758; x_wconf 83' lang='lat' dir='ltr'><strong>tot.</strong></span> <span class='ocrx_word' id='word_1_13' title='bbox 240 689 293 756; x_wconf 81' lang='lat' dir='ltr'><strong>St.</strong></span> <span class='ocrx_word' id='word_1_14' title='bbox 320 685 434 755; x_wconf 78' lang='lat' dir='ltr'><strong>lentus</strong></span> <span class='ocrx_word' id='word_1_15' title='bbox 462 681 585 780; x_wconf 84' lang='lat' dir='ltr'>niger,</span> <span class='ocrx_word' id='word_1_16' title='bbox 617 679 784 767; x_wconf 84' lang='lat' dir='ltr'><strong>nitidus,</strong></span> <span class='ocrx_word' id='word_1_17' title='bbox 814 663 1031 782; x_wconf 59' lang='lat' dir='ltr'><strong>colcoptria&#39;</strong></span> <span class='ocrx_word' id='word_1_18' title='bbox 1047 687 1148 787; x_wconf 65' lang='lat' dir='ltr'>pedi.</span> 
     </span>
     <span class='ocr_line' id='line_1_4' title="bbox 178 807 818 909; baseline 0.002 -25"><span class='ocrx_word' id='word_1_19' title='bbox 178 813 324 905; x_wconf 87' lang='lat' dir='ltr'><strong>busque</strong></span> <span class='ocrx_word' id='word_1_20' title='bbox 347 807 456 891; x_wconf 61' lang='lat' dir='ltr'><strong>rufin</strong></span> <span class='ocrx_word' id='word_1_21' title='bbox 482 810 601 907; x_wconf 87' lang='lat' dir='ltr'><strong>capite</strong></span> <span class='ocrx_word' id='word_1_22' title='bbox 627 811 818 909; x_wconf 83' lang='lat' dir='ltr'><strong>quadrato.</strong></span> 
     </span>
    </p>

    <p class='ocr_par' dir='ltr' id='par_1_3' title="bbox 228 937 489 1036">
     <span class='ocr_line' id='line_1_5' title="bbox 228 937 489 1036; baseline -0.004 -26"><span class='ocrx_word' id='word_1_23' title='bbox 228 945 348 1036; x_wconf 79' lang='lat' dir='ltr'><strong>Long.</strong></span> <span class='ocrx_word' id='word_1_24' title='bbox 374 959 395 1024; x_wconf 80' lang='lat'>3</span> <span class='ocrx_word' id='word_1_25' title='bbox 420 937 489 1009; x_wconf 80' lang='lat' dir='ltr'><strong>lin.</strong></span> 
     </span>
    </p>

    <p class='ocr_par' dir='ltr' id='par_1_4' title="bbox 164 1065 1140 1810">
     <span class='ocr_line' id='line_1_6' title="bbox 226 1065 1140 1173; baseline 0.011 -32"><span class='ocrx_word' id='word_1_26' title='bbox 226 1073 348 1165; x_wconf 72' lang='lat' dir='ltr'><strong>Caput</strong></span> <span class='ocrx_word' id='word_1_27' title='bbox 373 1065 613 1162; x_wconf 75' lang='lat' dir='ltr'><strong>quadratum,</strong></span> <span class='ocrx_word' id='word_1_28' title='bbox 648 1065 771 1140; x_wconf 85' lang='lat' dir='ltr'><strong>maius</strong></span> <span class='ocrx_word' id='word_1_29' title='bbox 801 1093 915 1165; x_wconf 87' lang='lat' dir='ltr'><strong>quam</strong></span> <span class='ocrx_word' id='word_1_30' title='bbox 940 1070 981 1144; x_wconf 86' lang='lat' dir='ltr'><strong>in</strong></span> <span class='ocrx_word' id='word_1_31' title='bbox 1005 1074 1140 1173; x_wconf 78' lang='lat' dir='ltr'><strong>specie·</strong></span> 
     </span>
     <span class='ocr_line' id='line_1_7' title="bbox 172 1195 1139 1303; baseline -0.002 -32"><span class='ocrx_word' id='word_1_32' title='bbox 172 1199 245 1271; x_wconf 88' lang='lat' dir='ltr'><strong>bna</strong></span> <span class='ocrx_word' id='word_1_33' title='bbox 268 1195 591 1293; x_wconf 80' lang='lat' dir='ltr'><strong>praecedentibus,</strong></span> <span class='ocrx_word' id='word_1_34' title='bbox 627 1196 788 1268; x_wconf 85' lang='lat' dir='ltr'><strong>thoracis</strong></span> <span class='ocrx_word' id='word_1_35' title='bbox 822 1199 964 1272; x_wconf 85' lang='lat' dir='ltr'><strong>circiter</strong></span> <span class='ocrx_word' id='word_1_36' title='bbox 993 1205 1139 1303; x_wconf 85' lang='lat' dir='ltr'><strong>magni.</strong></span> 
     </span>
     <span class='ocr_line' id='line_1_8' title="bbox 172 1322 1134 1426; baseline 0.008 -28"><span class='ocrx_word' id='word_1_37' title='bbox 172 1323 317 1411; x_wconf 85' lang='lat' dir='ltr'><strong>tudine,</strong></span> <span class='ocrx_word' id='word_1_38' title='bbox 343 1322 601 1422; x_wconf 84' lang='lat' dir='ltr'><strong>nigerrimum,</strong></span> <span class='ocrx_word' id='word_1_39' title='bbox 627 1323 914 1413; x_wconf 68' lang='lat' dir='ltr'><strong>antummum</strong></span> <span class='ocrx_word' id='word_1_40' title='bbox 936 1352 1134 1426; x_wconf 84' lang='lat' dir='ltr'><strong>punctum,</strong></span> 
     </span>
     <span class='ocr_line' id='line_1_9' title="bbox 169 1450 1135 1551; baseline 0.011 -25"><span class='ocrx_word' id='word_1_41' title='bbox 169 1478 239 1527; x_wconf 86' lang='lat' dir='ltr'><strong>nec</strong></span> <span class='ocrx_word' id='word_1_42' title='bbox 263 1477 351 1524; x_wconf 84' lang='lat' dir='ltr'><strong>vero</strong></span> <span class='ocrx_word' id='word_1_43' title='bbox 374 1450 652 1541; x_wconf 80' lang='lat' dir='ltr'><strong>confertissime,</strong></span> <span class='ocrx_word' id='word_1_44' title='bbox 685 1455 832 1551; x_wconf 80' lang='lat' dir='ltr'><strong>punctis</strong></span> <span class='ocrx_word' id='word_1_45' title='bbox 854 1457 1069 1536; x_wconf 73' lang='lat' dir='ltr'><strong>lateralibus</strong></span> <span class='ocrx_word' id='word_1_46' title='bbox 1089 1463 1135 1537; x_wconf 86' lang='lat' dir='ltr'><strong>in</strong></span> 
     </span>
     <span class='ocr_line' id='line_1_10' title="bbox 167 1580 1133 1689; baseline 0.003 -32"><span class='ocrx_word' id='word_1_47' title='bbox 167 1585 275 1658; x_wconf 82' lang='lat' dir='ltr'><strong>ferias</strong></span> <span class='ocrx_word' id='word_1_48' title='bbox 306 1583 487 1656; x_wconf 87' lang='lat' dir='ltr'><strong>obsoletas</strong></span> <span class='ocrx_word' id='word_1_49' title='bbox 521 1580 783 1678; x_wconf 74' lang='lat' dir='ltr'><strong>subdispofitit.</strong></span> <span class='ocrx_word' id='word_1_50' title='bbox 844 1587 1031 1660; x_wconf 84' lang='lat' dir='ltr'><strong>Antennis</strong></span> <span class='ocrx_word' id='word_1_51' title='bbox 1054 1593 1133 1689; x_wconf 79' lang='lat' dir='ltr'><strong>pel·</strong></span> 
     </span>
     <span class='ocr_line' id='line_1_11' title="bbox 164 1709 743 1810; baseline 0 -28"><span class='ocrx_word' id='word_1_52' title='bbox 164 1712 298 1810; x_wconf 82' lang='lat' dir='ltr'><strong>pisque</strong></span> <span class='ocrx_word' id='word_1_53' title='bbox 323 1709 743 1783; x_wconf 76' lang='lat' dir='ltr'><strong>rufo-fuscassentibus.</strong></span> 
     </span>
    </p>

    <p class='ocr_par' dir='ltr' id='par_1_5' title="bbox 156 1839 1130 2682">
     <span class='ocr_line' id='line_1_12' title="bbox 221 1839 1130 1935; baseline 0.002 -23"><span class='ocrx_word' id='word_1_54' title='bbox 221 1842 369 1914; x_wconf 76' lang='lat' dir='ltr'><strong>Thorax</strong></span> <span class='ocrx_word' id='word_1_55' title='bbox 390 1839 586 1935; x_wconf 83' lang='lat' dir='ltr'><strong>coleoptris</strong></span> <span class='ocrx_word' id='word_1_56' title='bbox 610 1841 723 1934; x_wconf 89' lang='lat' dir='ltr'><strong>paulo</strong></span> <span class='ocrx_word' id='word_1_57' title='bbox 749 1839 895 1927; x_wconf 88' lang='lat' dir='ltr'><strong>minor,</strong></span> <span class='ocrx_word' id='word_1_58' title='bbox 924 1839 1025 1912; x_wconf 81' lang='lat' dir='ltr'><strong>halin</strong></span> <span class='ocrx_word' id='word_1_59' title='bbox 1051 1867 1130 1914; x_wconf 81' lang='lat' dir='ltr'><strong>ver·</strong></span> 
     </span>
     <span class='ocr_line' id='line_1_13' title="bbox 164 1965 1129 2066; baseline -0.001 -25"><span class='ocrx_word' id='word_1_60' title='bbox 164 1971 225 2041; x_wconf 88' lang='lat' dir='ltr'><strong>lus</strong></span> <span class='ocrx_word' id='word_1_61' title='bbox 251 1965 546 2066; x_wconf 66' lang='lat' dir='ltr'><strong>subaugustano,</strong></span> <span class='ocrx_word' id='word_1_62' title='bbox 579 1967 631 2037; x_wconf 79' lang='lat' dir='ltr'><strong>ita</strong></span> <span class='ocrx_word' id='word_1_63' title='bbox 656 1990 764 2053; x_wconf 88' lang='lat' dir='ltr'><strong>vero,</strong></span> <span class='ocrx_word' id='word_1_64' title='bbox 796 1984 857 2054; x_wconf 83' lang='lat' dir='ltr'><strong>vt,</strong></span> <span class='ocrx_word' id='word_1_65' title='bbox 891 1965 1048 2064; x_wconf 80' lang='lat' dir='ltr'><strong>superne</strong></span> <span class='ocrx_word' id='word_1_66' title='bbox 1071 1968 1129 2042; x_wconf 83' lang='lat' dir='ltr'><strong>vi·</strong></span> 
     </span>
     <span class='ocr_line' id='line_1_14' title="bbox 163 2090 1127 2194; baseline -0.002 -25"><span class='ocrx_word' id='word_1_67' title='bbox 163 2096 244 2185; x_wconf 82' lang='lat' dir='ltr'><strong>lua,</strong></span> <span class='ocrx_word' id='word_1_68' title='bbox 279 2097 400 2166; x_wconf 88' lang='lat' dir='ltr'><strong>medio</strong></span> <span class='ocrx_word' id='word_1_69' title='bbox 426 2094 536 2190; x_wconf 78' lang='lat' dir='ltr'><strong>paulo</strong></span> <span class='ocrx_word' id='word_1_70' title='bbox 561 2090 754 2190; x_wconf 85' lang='lat' dir='ltr'><strong>imprellus</strong></span> <span class='ocrx_word' id='word_1_71' title='bbox 778 2112 967 2190; x_wconf 55' lang='lat' dir='ltr'><strong>appaream</strong></span> <span class='ocrx_word' id='word_1_72' title='bbox 1003 2093 1127 2194; x_wconf 83' lang='lat' dir='ltr'><strong>niger·</strong></span> 
     </span>
     <span class='ocr_line' id='line_1_15' title="bbox 162 2217 1124 2322; baseline 0.003 -27"><span class='ocrx_word' id='word_1_73' title='bbox 162 2224 282 2296; x_wconf 84' lang='lat' dir='ltr'><strong>rimus</strong></span> <span class='ocrx_word' id='word_1_74' title='bbox 304 2217 562 2305; x_wconf 76' lang='lat' dir='ltr'><strong>nitidillimus3</strong></span> <span class='ocrx_word' id='word_1_75' title='bbox 587 2243 629 2308; x_wconf 75' lang='lat'><strong>5,</strong></span> <span class='ocrx_word' id='word_1_76' title='bbox 655 2243 696 2307; x_wconf 81' lang='lat'><strong>5,</strong></span> <span class='ocrx_word' id='word_1_77' title='bbox 724 2244 744 2310; x_wconf 90' lang='lat'>7</span> <span class='ocrx_word' id='word_1_78' title='bbox 766 2237 945 2318; x_wconf 76' lang='lat' dir='ltr'><strong>punctus,</strong></span> <span class='ocrx_word' id='word_1_79' title='bbox 972 2224 1124 2322; x_wconf 81' lang='lat' dir='ltr'><strong>punctis</strong></span> 
     </span>
     <span class='ocr_line' id='line_1_16' title="bbox 156 2347 1125 2437; baseline 0.004 -15"><span class='ocrx_word' id='word_1_80' title='bbox 156 2369 291 2422; x_wconf 82' lang='lat' dir='ltr'><strong>autem</strong></span> <span class='ocrx_word' id='word_1_81' title='bbox 317 2349 472 2420; x_wconf 83' lang='lat' dir='ltr'><strong>minutis</strong></span> <span class='ocrx_word' id='word_1_82' title='bbox 496 2347 758 2437; x_wconf 86' lang='lat' dir='ltr'><strong>lubohsoletis,</strong></span> <span class='ocrx_word' id='word_1_83' title='bbox 784 2348 873 2420; x_wconf 84' lang='lat' dir='ltr'><strong>serie</strong></span> <span class='ocrx_word' id='word_1_84' title='bbox 899 2368 1058 2426; x_wconf 79' lang='lat' dir='ltr'><strong>attamen</strong></span> <span class='ocrx_word' id='word_1_85' title='bbox 1074 2353 1125 2426; x_wconf 84' lang='lat' dir='ltr'><strong>la·</strong></span> 
     </span>
     <span class='ocr_line' id='line_1_17' title="bbox 156 2475 1124 2577; baseline 0.001 -23"><span class='ocrx_word' id='word_1_86' title='bbox 156 2477 271 2553; x_wconf 68' lang='lat' dir='ltr'><strong>‘terali</strong></span> <span class='ocrx_word' id='word_1_87' title='bbox 310 2504 397 2550; x_wconf 87' lang='lat' dir='ltr'><strong>cum</strong></span> <span class='ocrx_word' id='word_1_88' title='bbox 437 2475 527 2552; x_wconf 83' lang='lat' dir='ltr'><strong>serie</strong></span> <span class='ocrx_word' id='word_1_89' title='bbox 565 2478 764 2577; x_wconf 78' lang='lat' dir='ltr'><strong>marginali</strong></span> <span class='ocrx_word' id='word_1_90' title='bbox 797 2480 838 2551; x_wconf 84' lang='lat' dir='ltr'><strong>in</strong></span> <span class='ocrx_word' id='word_1_91' title='bbox 865 2479 1006 2552; x_wconf 87' lang='lat' dir='ltr'><strong>lituum</strong></span> <span class='ocrx_word' id='word_1_92' title='bbox 1041 2479 1124 2555; x_wconf 87' lang='lat' dir='ltr'><strong>sub·</strong></span> 
     </span>
     <span class='ocr_line' id='line_1_18' title="bbox 158 2608 369 2682; baseline -0.019 0"><span class='ocrx_word' id='word_1_93' title='bbox 158 2608 369 2682; x_wconf 85' lang='lat' dir='ltr'><strong>coniuncta.</strong></span> 
     </span>
    </p>

    <p class='ocr_par' dir='ltr' id='par_1_6' title="bbox 155 2731 1122 2962">
     <span class='ocr_line' id='line_1_19' title="bbox 210 2731 1122 2836; baseline -0.009 -20"><span class='ocrx_word' id='word_1_94' title='bbox 210 2739 406 2836; x_wconf 75' lang='lat' dir='ltr'><strong>Coleoptra</strong></span> <span class='ocrx_word' id='word_1_95' title='bbox 430 2731 571 2824; x_wconf 84' lang='lat' dir='ltr'><strong>nitida,</strong></span> <span class='ocrx_word' id='word_1_96' title='bbox 605 2737 838 2836; x_wconf 82' lang='lat' dir='ltr'><strong>rectaugula,</strong></span> <span class='ocrx_word' id='word_1_97' title='bbox 872 2734 1122 2833; x_wconf 82' lang='lat' dir='ltr'><strong>subpilosella,</strong></span> 
     </span>
     <span class='ocr_line' id='line_1_20' title="bbox 155 2859 703 2962; baseline -0.009 -22"><span class='ocrx_word' id='word_1_98' title='bbox 155 2866 324 2941; x_wconf 82' lang='lat' dir='ltr'><strong>distincte</strong></span> <span class='ocrx_word' id='word_1_99' title='bbox 354 2882 510 2962; x_wconf 88' lang='lat' dir='ltr'><strong>puncta,</strong></span> <span class='ocrx_word' id='word_1_100' title='bbox 541 2859 703 2936; x_wconf 84' lang='lat' dir='ltr'><strong>testacea.</strong></span> 
     </span>
    </p>

    <p class='ocr_par' dir='ltr' id='par_1_7' title="bbox 149 2989 1121 3210">
     <span class='ocr_line' id='line_1_21' title="bbox 203 2989 1121 3093; baseline -0.005 -22"><span class='ocrx_word' id='word_1_101' title='bbox 203 2998 394 3070; x_wconf 81' lang='lat' dir='ltr'><strong>Abdomen</strong></span> <span class='ocrx_word' id='word_1_102' title='bbox 427 2989 624 3088; x_wconf 87' lang='lat' dir='ltr'><strong>coleoptris</strong></span> <span class='ocrx_word' id='word_1_103' title='bbox 650 2991 765 3090; x_wconf 82' lang='lat' dir='ltr'><strong>triplo</strong></span> <span class='ocrx_word' id='word_1_104' title='bbox 785 2991 958 3090; x_wconf 82' lang='lat' dir='ltr'><strong>longius,</strong></span> <span class='ocrx_word' id='word_1_105' title='bbox 996 2993 1121 3093; x_wconf 80' lang='lat' dir='ltr'><strong>niger·</strong></span> 
     </span>
     <span class='ocr_line' id='line_1_22' title="bbox 149 3119 522 3210; baseline -0.003 -14"><span class='ocrx_word' id='word_1_106' title='bbox 149 3125 311 3210; x_wconf 75' lang='lat' dir='ltr'><strong>timum,</strong></span> <span class='ocrx_word' id='word_1_107' title='bbox 343 3119 522 3195; x_wconf 86' lang='lat' dir='ltr'><strong>nitidum.</strong></span> 
     </span>
    </p>

    <p class='ocr_par' dir='ltr' id='par_1_8' title="bbox 202 3249 425 3322">
     <span class='ocr_line' id='line_1_23' title="bbox 202 3249 425 3322; baseline 0.009 -2"><span class='ocrx_word' id='word_1_108' title='bbox 202 3253 323 3322; x_wconf 81' lang='lat' dir='ltr'><strong>Pedes</strong></span> <span class='ocrx_word' id='word_1_109' title='bbox 342 3249 425 3322; x_wconf 88' lang='lat' dir='ltr'><strong>rufi.</strong></span> 
     </span>
    </p>

    <p class='ocr_par' dir='ltr' id='par_1_9' title="bbox 151 3375 1119 3582">
     <span class='ocr_line' id='line_1_24' title="bbox 204 3375 1119 3476; baseline 0.007 -30"><span class='ocrx_word' id='word_1_110' title='bbox 204 3376 331 3447; x_wconf 86' lang='lat' dir='ltr'><strong>Huius</strong></span> <span class='ocrx_word' id='word_1_111' title='bbox 357 3377 488 3476; x_wconf 82' lang='lat' dir='ltr'><strong>speciei</strong></span> <span class='ocrx_word' id='word_1_112' title='bbox 511 3375 756 3450; x_wconf 80' lang='lat' dir='ltr'><strong>indiuiduam</strong></span> <span class='ocrx_word' id='word_1_113' title='bbox 781 3376 938 3451; x_wconf 87' lang='lat' dir='ltr'><strong>vuicum</strong></span> <span class='ocrx_word' id='word_1_114' title='bbox 955 3393 1119 3452; x_wconf 78' lang='lat' dir='ltr'><strong>tantum·</strong></span> 
     </span>
     <span class='ocr_line' id='line_1_25' title="bbox 151 3503 833 3582; baseline 0 -6"><span class='ocrx_word' id='word_1_115' title='bbox 151 3503 267 3576; x_wconf 88' lang='lat' dir='ltr'><strong>modo</strong></span> <span class='ocrx_word' id='word_1_116' title='bbox 289 3505 329 3574; x_wconf 90' lang='lat' dir='ltr'><strong>in</strong></span> <span class='ocrx_word' id='word_1_117' title='bbox 355 3532 435 3580; x_wconf 89' lang='lat' dir='ltr'><strong>mea</strong></span> <span class='ocrx_word' id='word_1_118' title='bbox 460 3507 686 3582; x_wconf 83' lang='lat' dir='ltr'><strong>collectione</strong></span> <span class='ocrx_word' id='word_1_119' title='bbox 706 3504 833 3578; x_wconf 85' lang='lat' dir='ltr'><strong>exstat.</strong></span> 
     </span>
    </p>
   </div>
   <div class='ocr_carea' id='block_1_3' title="bbox 5 3620 1119 3734">
    <p class='ocr_par' dir='ltr' id='par_1_10' title="bbox 5 3620 1119 3734">
     <span class='ocr_line' id='line_1_26' title="bbox 5 3620 1119 3734; baseline 0.004 -27"><span class='ocrx_word' id='word_1_120' title='bbox 5 3637 12 3668; x_wconf 83' lang='lat'><em>&#39;</em></span> <span class='ocrx_word' id='word_1_121' title='bbox 103 3620 189 3707; x_wconf 65' lang='lat' dir='ltr'><strong>toa&#39;.</strong></span> <span class='ocrx_word' id='word_1_122' title='bbox 217 3636 268 3704; x_wconf 77' lang='lat' dir='ltr'><strong>Sc.</strong></span> <span class='ocrx_word' id='word_1_123' title='bbox 279 3635 434 3707; x_wconf 82' lang='lat' dir='ltr'><strong>relucens</strong></span> <span class='ocrx_word' id='word_1_124' title='bbox 453 3634 701 3723; x_wconf 85' lang='lat' dir='ltr'><strong>nitidiffimus,</strong></span> <span class='ocrx_word' id='word_1_125' title='bbox 716 3634 963 3734; x_wconf 50' lang='lat' dir='ltr'><strong>nigerrimum</strong></span> <span class='ocrx_word' id='word_1_126' title='bbox 990 3654 1119 3712; x_wconf 78' lang='lat' dir='ltr'><strong>anten-</strong></span> 
     </span>
    </p>
   </div>
   <div class='ocr_carea' id='block_1_4' title="bbox 122 3759 1118 4224">
    <p class='ocr_par' dir='ltr' id='par_1_11' title="bbox 122 3759 1118 4224">
     <span class='ocr_line' id='line_1_27' title="bbox 149 3759 1118 3861; baseline 0.003 -27"><span class='ocrx_word' id='word_1_127' title='bbox 149 3764 212 3835; x_wconf 85' lang='lat' dir='ltr'><strong>nis</strong></span> <span class='ocrx_word' id='word_1_128' title='bbox 240 3759 417 3856; x_wconf 85' lang='lat' dir='ltr'><strong>tarfisqne</strong></span> <span class='ocrx_word' id='word_1_129' title='bbox 439 3761 572 3847; x_wconf 79' lang='lat' dir='ltr'><strong>suscis3</strong></span> <span class='ocrx_word' id='word_1_130' title='bbox 599 3762 726 3855; x_wconf 86' lang='lat' dir='ltr'><strong>elytris</strong></span> <span class='ocrx_word' id='word_1_131' title='bbox 752 3764 1118 3861; x_wconf 69' lang='lat' dir='ltr'><strong>pallido-castaneita</strong></span> 
     </span>
     <span class='ocr_line' id='line_1_28' title="bbox 149 3887 1032 3992; baseline 0 -28"><span class='ocrx_word' id='word_1_132' title='bbox 149 3893 300 3964; x_wconf 80' lang='lat' dir='ltr'><strong>thorace</strong></span> <span class='ocrx_word' id='word_1_133' title='bbox 322 3887 483 3962; x_wconf 81' lang='lat' dir='ltr'><strong>seriebus</strong></span> <span class='ocrx_word' id='word_1_134' title='bbox 505 3888 709 3963; x_wconf 79' lang='lat' dir='ltr'><strong>dorsalibus</strong></span> <span class='ocrx_word' id='word_1_135' title='bbox 735 3896 849 3988; x_wconf 81' lang='grc'><strong>6-9</strong></span> <span class='ocrx_word' id='word_1_136' title='bbox 871 3893 1032 3992; x_wconf 83' lang='lat' dir='ltr'><strong>punctis.</strong></span> 
     </span>
     <span class='ocr_line' id='line_1_29' title="bbox 122 4018 459 4121; baseline 0.003 -31"><span class='ocrx_word' id='word_1_137' title='bbox 122 4023 126 4029; x_wconf 83' lang='grc'>’</span> <span class='ocrx_word' id='word_1_138' title='bbox 198 4025 315 4121; x_wconf 78' lang='lat' dir='ltr'><strong>Long.</strong></span> <span class='ocrx_word' id='word_1_139' title='bbox 343 4039 365 4108; x_wconf 84' lang='lat'><em>5</em></span> <span class='ocrx_word' id='word_1_140' title='bbox 388 4018 459 4092; x_wconf 87' lang='lat' dir='ltr'><strong>lin.</strong></span> 
     </span>
     <span class='ocr_line' id='line_1_30' title="bbox 968 4146 1116 4224; baseline -0.027 0"><span class='ocrx_word' id='word_1_141' title='bbox 968 4146 1116 4224; x_wconf 82' lang='lat' dir='ltr'><strong>Habitu</strong></span> 
     </span>
    </p>
   </div>
   <div class='ocr_carea' id='block_1_5' title="bbox 0 0 1406 4798">
    <p class='ocr_par' dir='ltr' id='par_1_12' title="bbox 0 0 1406 4798">
     <span class='ocr_line' id='line_1_31' title="bbox 0 0 1406 4798; baseline 0 5"><span class='ocrx_word' id='word_1_142' title='bbox 0 0 1406 4798; x_wconf 95' lang='lat' dir='ltr'><strong> </strong></span> 
     </span>
    </p>
   </div>
  </div>
 </body>
</html>
