2814 4810
232 380 314 444 vm
639 380 880 438 rusarsrto.

311 549 409 637 lter,
437 567 509 647 per
533 543 679 622 Galliae
699 562 740 622 et
761 547 989 626 Germaniae
1012 565 1162 650 partem
1189 545 1253 632 ia..

240 676 440 762 stitutum,
462 676 672 774 praecipue
686 691 819 751 aute'm
835 678 1094 754 commoratio
1103 683 1253 760 Parrsns

240 803 491 894 diuturnior,
509 807 846 905 opportunitatem
860 807 959 881 mihi
974 807 1253 906 praebuerunt,

241 933 368 1012 multa
391 954 515 1019 noua,
548 931 598 1005 ad
619 927 817 1009 historiam
841 934 1056 1011 naturalem
1082 934 1280 1036 spectans

240 1061 316 1149 tia,
341 1055 618 1158 inuestigandi3
641 1075 680 1134 et
704 1061 999 1138 beneuolentiae
1019 1067 1253 1142 Entomolo·

242 1212 388 1290 gotum
413 1186 590 1286 plurium
617 1185 881 1266 Pariliensrum
905 1215 994 1292 erga
1019 1216 1102 1280 me,
1135 1197 1255 1270 Ento·

240 1314 529 1417 mologorum
518 1338 597 1388 ram
622 1313 696 1390 diu
724 1318 1027 1417 celebratorum,
1061 1345 1083 1394 e
1110 1321 1254 1418 quibus

240 1450 359 1536 Base,
394 1444 564 1532 Osioier,
593 1445 856 1547 Brongniart,
891 1447 1108 1538 Lanam,
1147 1449 1256 1526 Des·

239 1565 383 1672 nearest
406 1572 473 1648 bic
494 1571 699 1646 nominare
717 1572 818 1646 mihi
834 1572 965 1662 liceat,
993 1600 1084 1649 cum
1100 1564 1259 1656 aditum

241 1699 414 1781 liberum
447 1697 499 1792 ad
533 1699 779 1780 collectiones
813 1701 984 1799 priuatas
1011 1701 1253 1780 Insectorum

242 1829 416 1928 egregias
449 1853 568 1927 quam
603 1825 875 1902 humanissime
905 1825 1042 1927 sponte
1073 1831 1171 1904 mihi
1196 1829 1256 1906 os

242 1953 409 2046 ferrent,
431 1954 729 2056 Entomologiae
751 1953 952 2030 sectatores
979 1953 1255 2058 descriptiones

240 2086 459 2163 multarum
476 2106 673 2157 nouarum
686 2082 1022 2181 Micropterorum
1035 2082 1255 2182 specierum

241 2209 397 2296 debent.
427 2249 480 2269 --
520 2209 704 2286 Redux
693 2236 737 2286 m
770 2211 935 2310 patriam
971 2211 1107 2286 multis
1136 2215 1255 2290 nouis

243 2335 478 2413 animalium
509 2334 710 2437 speciebus
744 2354 872 2414 auctas
898 2337 1150 2414 inueniebam
1176 2342 1254 2416 col·

238 2464 430 2548 lectiones
444 2464 670 2565 Zoologicas
688 2468 851 2542 Comitis
869 2467 917 2540 de
933 2469 999 2542 H
977 2457 1256 2576 ffmannsevg

242 2608 285 2670 et
309 2597 429 2669 Dom.
456 2592 681 2670 Prosefforis
712 2593 908 2700 Hclwrg
939 2597 1114 2670 nuncin
1135 2621 1256 2707 ynam

243 2722 474 2798 coniunctas
510 2722 803 2804 collectionem
798 2745 977 2819 eamque
1007 2719 1161 2798 vnicam
1193 2724 1256 2802 sui

242 2850 417 2952 generis,
440 2873 540 2947 quae
562 2849 692 2926 forsan
716 2875 851 2926 omnes
871 2847 1055 2958 aemulas,
1077 2865 1155 2924 tam
1179 2878 1255 2928 nu-

241 3002 354 3054 mero
377 2974 596 3076 specierum
621 2979 858 3054 insectorum
886 3003 1004 3075 quam
1028 2980 1169 3059 ordine
1192 2983 1255 3083 sy·

241 3105 440 3184 flematico
466 3124 505 3184 et
528 3107 823 3183 exactitudine
811 3132 854 3182 ιιι
878 3106 1099 3184 tribuendis
1124 3111 1253 3184 nomi-

239 3234 359 3322 nibus
395 3235 639 3336 generalibus
675 3234 1005 3335 specialibusqne‚
1044 3237 1251 3318 antecellit.

238 3363 395 3442 Scimus
426 3389 581 3455 omnes,
618 3366 813 3440 Comitem
839 3363 1157 3454 illustrissimum,
1189 3365 1254 3440 iti·

237 3490 422 3581 neribus,
442 3518 515 3594 per
529 3494 738 3568 maximam
752 3499 931 3592 Europae
943 3509 1105 3592 partem
1118 3497 1253 3596 cogni·

239 3617 361 3693 tionis
386 3637 547 3696 naturae
571 3620 704 3706 causa,
728 3619 913 3696 institutis
936 3619 1148 3710 celebrem,
1176 3621 1251 3697 liu·

238 3742 308 3822 dio
333 3748 615 3850 indefatigabili
635 3764 674 3823 et
695 3750 882 3848 temporis
904 3766 1020 3846 atque
1035 3773 1159 3850 opum
1176 3751 1251 3824 im·

234 3874 362 3978 peusis
388 3881 539 3980 optime
568 3877 618 3952 de
648 3876 803 3952 cultura
832 3876 955 3953 totius
979 3876 1158 3952 historiae
1183 3901 1251 3952 na·

234 4005 375 4086 smilis
396 4003 595 4094 metatum
620 4003 686 4080 bic
709 4004 825 4080 etiam
849 4003 1005 4090 libellus
1031 4006 1252 4082 entomolo·

1136 4134 1249 4235 gisus

324 4276 336 4309 l
