2768 4796
424 383 484 452 vr.
511 377 725 456 Azeoctam.
754 386 793 452 r.
816 385 882 451 ιιι.
1091 367 1160 481 167

251 574 283 640 Ε
310 566 527 638 collectione
551 563 772 638 Knocsrioao.

148 713 209 786 47.
236 701 291 769 A.
310 696 430 766 lucida
457 698 510 764 Μ.
537 718 573 790 p.
590 717 648 772 70.

148 847 210 917 43.
238 831 292 900 A.
306 825 457 896 limbota
479 828 532 893 Μ.
563 848 595 916 p.
610 827 668 914 69.
695 863 746 878 -
769 825 1018 923 Haeespecies
1032 828 1157 903 colore

197 971 234 1024 et
245 948 646 1050 m-ag-nitudinevariau
667 933 816 1024 ¹thorace
834 973 956 1026 autem
971 955 1156 1028 subtrans-

197 1079 320 1166 verso‚
347 1079 677 1164 subeannlicuram,
701 1078 889 1152 interdum
913 1081 1177 1180 inrpressroni·'

156 1237 158 1242 ·
198 1207 268 1278 bus
281 1205 340 1276 sex
351 1205 534 1292 obsoletis,
546 1231 637 1300 quas
653 1207 714 1278 hie
728 1209 932 1285 accuratius
943 1211 1154 1300 describam,
1235 1205 1237 1212 ’

197 1353 347 1421 notato,
373 1359 392 1405 a
423 1332 610 1425 speciebus
631 1331 798 1406 assrnibus
820 1337 997 1438 distingui
1020 1339 1156 1436 potost;

198 1465 288 1535 Illac
319 1453 553 1560 impreffioues
585 1462 739 1536 thoracis
768 1464 871 1537 sunt:
904 1469 1001 1541 linea
1032 1468 1155 1542 media

196 1587 503 1688 longitudinalis3
528 1609 662 1684 puncta
687 1592 763 1664 d-uo
786 1594 830 1664 ad
854 1597 1057 1694 marginem
1081 1597 1156 1690 epi·

197 1722 334 1804 celem,
369 1717 513 1815 singulo
549 1720 647 1792 inter
678 1721 817 1794 lineam
844 1724 951 1793 illem
977 1741 1015 1795 et
1039 1733 1155 1822 angu-

194 1851 276 1919 lum
304 1846 482 1939 apicalem
505 1846 592 1933 srtoa
619 1867 803 1943 punctum
826 1867 911 1922 ante
934 1850 1154 1936 scutellum

198 1995 253 2063 et,
275 1976 315 2045 in
338 1971 484 2077 singulo
506 1975 629 2048 baseos
645 1979 803 2075 angulo,
831 1977 980 2050 soueola
996 1995 1153 2051 arcuata.

195 2113 333 2180 Omnes
364 2121 489 2174 antem
515 2105 583 2173 bae
606 2085 857 2200 impressiones
882 2107 989 2178 valde
1013 2103 1156 2177 obsole-

194 2251 253 2304 tae
277 2232 384 2318 sunt,
417 2227 581 2323 exceptio
605 2229 762 2302 foueoiis
785 2232 824 2302 in
848 2233 997 2328 angulis
1019 2232 1153 2318 baseos,

194 2385 289 2455 quae
310 2357 466 2453 reliquis
490 2358 603 2453 paulo
628 2357 871 2433 distinctiores
892 2351 988 2433 sunt.

173 2493 400 2566 Varietucern
431 2487 543 2586 huiua
575 2487 728 2584 speciei,
764 2489 1021 2588 magnitudine
1054 2514 1154 2589 egre·

192 2619 272 2717 gia,
293 2617 398 2713 long.
422 2637 442 2702 3
464 2615 531 2687 lin.
555 2618 788 2692 Aleochorce
810 2619 983 2690 srurrrernli
1006 2625 1056 2710 (n.
1076 2620 1152 2712 50.)
1235 2621 1238 2626 ’

192 2743 346 2833 statura,
378 2741 554 2840 partium
573 2744 694 2817 forma
722 2762 760 2818 et
786 2748 910 2816 colore
943 2747 1051 2818 valde
1073 2741 1151 2814 affi-

191 2899 297 2960 nem,
334 2878 444 2943 Dour.
477 2873 579 2945 Dohl
612 2874 805 2968 prehendit
833 2873 899 2944 sub
924 2871 1029 2944 soliis
1053 2870 1150 2943 deci·

191 3001 275 3073 duis
310 3001 350 3070 in
382 3001 559 3074 monrofis
588 3003 681 3076 cirea
707 3001 974 3100 Bruusuigam,
1013 3017 1050 3070 et
1075 3009 1151 3073 me·

186 3155 271 3202 cum
296 3131 604 3207 communicauit.

165 3260 395 3330 Varietatem
420 3261 571 3330 alteram
599 3265 710 3330 Dom.
736 3259 840 3330 Dobi
859 3283 947 3330 cum
971 3258 1148 3332 varietate

188 3384 427 3478 praecedente
453 3387 586 3460 iisdem
616 3384 706 3457 locis
736 3388 837 3485 legit.
890 3393 988 3459 Haec
1012 3383 1057 3457 ab
1083 3387 1148 3460 isla

188 3511 311 3586 differt
336 3539 414 3586 non
437 3511 505 3585 nisr
530 3514 787 3611 magnitudine
810 3517 922 3610 paulo
943 3517 1088 3586 minore
1111 3533 1148 3586 ct

188 3617 311 3714 colore
342 3644 454 3737 paulo
484 3640 704 3713 obscuriore
733 3681 783 3702 -·
833 3648 1025 3744 Long.2¹

186 3775 307 3868 Caput
323 3768 496 3868 nigrum,
523 3773 694 3843 antennis
708 3770 843 3860 fuscis,
872 3770 944 3845 basr
960 3771 1147 3844 roseaceu-

187 3899 309 3983 tibus3
335 3897 455 3996 palpia
470 3897 710 3975 rufo-fuscia.
733 3942 784 3958 -
821 3905 1013 3998 Coieoptro
1028 3897 1145 3998 nigra,
1269 3911 1270 3915 ’

185 4023 600 4128 subgrisea-serieantia
634 4029 779 4104 macula
809 4027 992 4108 humerali
1022 4049 1145 4126 parua,

557 4168 568 4178 ‘
1016 4156 1146 4229 iuter·
