2814 4810
537 401 776 454 manento.
1123 405 1166 460 IX

153 552 267 668 gicus
292 563 410 642 debet
429 563 469 638 ei
490 560 675 662 quasdam
699 561 844 664 spectes
873 587 999 640 nonna
1027 582 1068 643 et
1088 569 1165 646 ele·

154 713 306 798 gentes,
342 693 538 794 imprimis
575 717 597 766 e
631 702 802 767 numero
833 695 1166 795 micropterorum

21 845 27 859 ’
154 824 410 901 exoticornm.

233 950 445 1048 Praecipue
467 962 601 1024 autem
625 947 668 1022 in
692 947 922 1024 collectione
939 953 1057 1027 Dom.
1073 959 1167 1057 Pro·

154 1075 302 1153 felloris
332 1074 486 1167 Krenai,
532 1073 700 1151 fautoris
738 1076 819 1150 mei
854 1076 1167 1178 aettumanffimt,
1298 1117 1303 1124 ·

155 1206 227 1302 qui
259 1230 352 1306 prae
386 1203 471 1278 aliis
502 1202 661 1304 systema
694 1203 816 1284 huius
849 1207 1167 1308 coleopterorum

154 1333 348 1424 familiae,
371 1331 507 1408 studiis
526 1346 565 1405 et
581 1329 885 1406 scrutationibus
902 1332 1068 1414 summis
1088 1341 1167 1416 ela-¹

154 1462 330 1552 borauit,
352 1463 554 1536 materiem
581 1462 794 1560 plurimam
810 1459 932 1536 huius
951 1465 1169 1570 Micropte·

155 1615 294 1666 rorum
317 1590 629 1690 Monographiae
653 1589 791 1663 inueni
799 1614 811 1678 ;
836 1605 874 1663 et
899 1615 1039 1692 magna
1062 1599 1170 1674 mol.

21 1699 33 1790 t
156 1719 288 1794 titudo
304 1715 523 1818 specierum
540 1743 758 1805 nouarum,
782 1741 903 1813 quae,
923 1719 1007 1818 post
1027 1723 1169 1803 editio·

131 1837 251 1923 ‘nem
280 1847 506 1922 tentaminis
531 1850 612 1921 mei
637 1845 758 1944 primi
783 1841 995 1941 systematis
1021 1854 1175 1930 Micro.

156 1992 381 2077 plenorum,
406 1975 450 2048 in
474 1974 557 2048 solo
582 1973 727 2048 ducatu
751 1973 1044 2067 Brunsuicenfi‚
1069 1995 1171 2055 tem.

158 2107 267 2209 poris
292 2105 390 2181 adeo
411 2105 544 2180 breuis
569 2101 698 2200 lapsu,
732 2117 908 2200 repertae
930 2101 1042 2196 sunt,
1075 2133 1176 2207 pro·-

156 2235 222 2310 bat
242 2234 350 2324 sane,
376 2247 618 2332 quantopere
643 2231 797 2305 cultura
815 2229 994 2306 historiae
1010 2249 1168 2312 natura.

157 2365 208 2440 tis
233 2363 379 2438 horum
401 2357 725 2468 animalculorum
746 2357 839 2432 alibi
857 2357 1170 2462 adhucneglecta

159 2492 226 2581 lit;
247 2489 354 2566 haud
380 2488 487 2566 enim
512 2512 577 2561 me
598 2485 758 2560 hercule
780 2487 987 2564 verifimite
1012 2492 1083 2583 eli,
1107 2495 1169 2570 so.

156 2619 245 2695 lum
259 2613 537 2692 brunanicense
557 2639 649 2714 prae
663 2615 822 2688 caeteris
834 2617 1052 2713 prouinciis
1065 2624 1169 2697 mul-

21 2771 66 2820 *.
156 2745 330 2822 titudine
342 2744 439 2821 adeo
452 2742 637 2844 stupenda
649 2743 1172 2845 micropterorumsrequen·

156 2891 285 2949 tatum
317 2871 401 2948 elle.
467 2879 597 2975 Quare
628 2893 765 2944 omnes
797 2869 1028 2950 scrutatores
1061 2892 1172 2953 ento·

157 3002 355 3102 mologiae
391 3016 431 3076 et
464 2999 711 3098 insectolegas
751 2997 861 3074 haud
902 2999 992 3078 satie
1032 3029 1170 3107 vrgero

156 3127 337 3230 possum,
373 3151 426 3202 ne
457 3129 519 3203 his
549 3150 709 3224 quoque
734 3125 888 3202 insectis
912 3133 1172 3210 attentionem

156 3260 268 3338 suam
294 3257 492 3364 recusent;
517 3254 755 3354 respondeo,
784 3283 851 3334 eos
881 3285 955 3360 pro
978 3261 1109 3338 labore
1130 3281 1171 3338 et

157 3387 296 3465 studiis
324 3384 505 3488 impensis
539 3385 737 3484 premium
770 3377 997 3488 eitoptatum
1022 3390 1172 3468 laturos

21 3595 24 3602 ,
158 3513 244 3592 else.
295 3515 412 3591 Haud
432 3510 592 3612 quidem
613 3517 747 3614 negari
764 3514 903 3615 potest,
930 3515 1171 3614 quodetiam

21 3678 35 3694 ·
158 3671 183 3721 e
207 3643 284 3718 hoc
306 3641 499 3742 opusculo
522 3638 610 3714 satis
632 3641 835 3744 perspicue
858 3662 982 3742 patet,
1015 3651 1174 3725 nullum

158 3770 295 3850 forsan
321 3771 638 3871 coleopterorum
670 3794 793 3870 genus
818 3777 934 3848 tantis
954 3777 1192 3852 obnoxium.

160 3900 233 3977 elle
266 3896 585 3990 difficultatibus,
624 3900 860 3999 nullumque
894 3900 1173 3978 scrutationem
1250 3903 1254 3922 ⁵

160 4026 376 4108 desiderare
399 4027 702 4133 profundiorem
727 4051 846 4128 quatu
863 4030 961 4108 haec
978 4032 1184 4130 coleopter-v

1034 4181 1174 4233 rorum
