<?xml version="1.0" encoding="UTF-8"?>
<!DOCTYPE html PUBLIC "-//W3C//DTD XHTML 1.0 Transitional//EN"
    "http://www.w3.org/TR/xhtml1/DTD/xhtml1-transitional.dtd">
<html xmlns="http://www.w3.org/1999/xhtml" xml:lang="en" lang="en">
 <head>
  <title>
</title>
<meta http-equiv="Content-Type" content="text/html;charset=utf-8" />
  <meta name='ocr-system' content='tesseract 3.04.00' />
  <meta name='ocr-capabilities' content='ocr_page ocr_carea ocr_par ocr_line ocrx_word'/>
</head>
<body>
  <div class='ocr_page' id='page_1' title='image "./monographiacole00gravgoog_0017.png"; bbox 0 0 2814 4810; ppageno 0'>
   <div class='ocr_carea' id='block_1_1' title="bbox 228 413 866 488">
    <p class='ocr_par' dir='ltr' id='par_1_1' title="bbox 228 413 866 488">
     <span class='ocr_line' id='line_1_1' title="bbox 228 413 866 488; baseline 0.003 -6"><span class='ocrx_word' id='word_1_1' title='bbox 228 414 290 482; x_wconf 65' lang='lat' dir='ltr'>ari</span> <span class='ocrx_word' id='word_1_2' title='bbox 609 413 866 488; x_wconf 62' lang='lat' dir='ltr'>palarmo(</span> 
     </span>
    </p>
   </div>
   <div class='ocr_carea' id='block_1_2' title="bbox 243 573 1246 679">
    <p class='ocr_par' dir='ltr' id='par_1_2' title="bbox 243 573 1246 679">
     <span class='ocr_line' id='line_1_2' title="bbox 243 573 1246 679; baseline -0.001 -18.93"><span class='ocrx_word' id='word_1_3' title='bbox 243 592 426 677; x_wconf 77' lang='lat' dir='ltr'>speciae</span> <span class='ocrx_word' id='word_1_4' title='bbox 445 573 602 659; x_wconf 74' lang='lat' dir='ltr'>distributa</span> <span class='ocrx_word' id='word_1_5' title='bbox 621 595 679 662; x_wconf 86' lang='lat' dir='ltr'>Dr.</span> <span class='ocrx_word' id='word_1_6' title='bbox 699 595 730 660; x_wconf 93' lang='lat' dir='ltr'>I.</span> <span class='ocrx_word' id='word_1_7' title='bbox 750 595 790 661; x_wconf 86' lang='lat' dir='ltr'>L.</span> <span class='ocrx_word' id='word_1_8' title='bbox 815 595 851 663; x_wconf 82' lang='grc'>0.</span> <span class='ocrx_word' id='word_1_9' title='bbox 877 591 1111 679; x_wconf 66' lang='grc' dir='ltr'>θναυεηῆοψ,</span> <span class='ocrx_word' id='word_1_10' title='bbox 1132 595 1246 661; x_wconf 56' lang='lat' dir='ltr'>Brun-&#39;⁴</span> 
     </span>
    </p>
   </div>
   <div class='ocr_carea' id='block_1_3' title="bbox 305 699 968 895">
    <p class='ocr_par' dir='ltr' id='par_1_3' title="bbox 305 699 958 890">
     <span class='ocr_line' id='line_1_3' title="bbox 305 699 599 785; baseline 0.007 -23"><span class='ocrx_word' id='word_1_11' title='bbox 305 699 599 785; x_wconf 76' lang='lat' dir='ltr'>luigae.1801.8.</span> 
     </span>
     <span class='ocr_line' id='line_1_4' title="bbox 489 757 968 895; baseline -0.004 -29"><span class='ocrx_word' id='word_1_12' title='bbox 489 825 518 882; x_wconf 89' lang='grc' dir='ltr'>ς.</span> <span class='ocrx_word' id='word_1_13' title='bbox 541 806 663 867; x_wconf 79' lang='lat' dir='ltr'>Panzrr</span> <span class='ocrx_word' id='word_1_14' title='bbox 682 802 726 864; x_wconf 81' lang='lat' dir='ltr'>ad</span> <span class='ocrx_word' id='word_1_15' title='bbox 734 757 968 895; x_wconf 75' lang='lat' dir='ltr'>Sclaoeffirum.</span> 
     </span>
    </p>
   </div>
   <div class='ocr_carea' id='block_1_4' title="bbox 248 904 1232 1212">
    <p class='ocr_par' dir='ltr' id='par_1_4' title="bbox 268 904 1232 1212">
     <span class='ocr_line' id='line_1_5' title="bbox 268 904 1232 997; baseline 0.001 -28"><span class='ocrx_word' id='word_1_16' title='bbox 268 909 504 997; x_wconf 73' lang='lat' dir='ltr'>systematisolra</span> <span class='ocrx_word' id='word_1_17' title='bbox 532 907 688 970; x_wconf 78' lang='lat' dir='ltr'>Nomancl</span> <span class='ocrx_word' id='word_1_18' title='bbox 688 918 765 965; x_wconf 79' lang='lat' dir='ltr'>atur</span> <span class='ocrx_word' id='word_1_19' title='bbox 795 904 869 964; x_wconf 82' lang='lat' dir='ltr'>iiber</span> <span class='ocrx_word' id='word_1_20' title='bbox 898 907 1008 968; x_wconf 80' lang='lat' dir='ltr'>Herm</span> <span class='ocrx_word' id='word_1_21' title='bbox 1037 906 1103 974; x_wconf 86' lang='lat' dir='ltr'>Dr.</span> <span class='ocrx_word' id='word_1_22' title='bbox 1130 906 1232 972; x_wconf 70' lang='lat' dir='ltr'>Jacob</span> 
     </span>
     <span class='ocr_line' id='line_1_6' title="bbox 309 1007 1231 1100; baseline -0.002 -23"><span class='ocrx_word' id='word_1_23' title='bbox 309 1015 474 1097; x_wconf 68' lang='lat' dir='ltr'>Christian</span> <span class='ocrx_word' id='word_1_24' title='bbox 507 1007 631 1100; x_wconf 63' lang='lat' dir='ltr'>&amp;huffe</span> <span class='ocrx_word' id='word_1_25' title='bbox 635 1033 666 1072; x_wconf 86' lang='lat' dir='ltr'>rs</span> <span class='ocrx_word' id='word_1_26' title='bbox 695 1007 828 1070; x_wconf 77' lang='lat' dir='ltr'>Abbitdu</span> <span class='ocrx_word' id='word_1_27' title='bbox 811 1029 912 1088; x_wconf 78' lang='lat' dir='ltr'>angen</span> <span class='ocrx_word' id='word_1_28' title='bbox 942 1013 1231 1096; x_wconf 77' lang='lat' dir='ltr'>regensburgischer</span> 
     </span>
     <span class='ocr_line' id='line_1_7' title="bbox 248 1112 1231 1212; baseline 0 -34"><span class='ocrx_word' id='word_1_29' title='bbox 248 1117 378 1201; x_wconf 72' lang='lat' dir='ltr'>Insa</span> <span class='ocrx_word' id='word_1_30' title='bbox 379 1118 468 1194; x_wconf 71' lang='lat' dir='ltr'>laen,</span> <span class='ocrx_word' id='word_1_31' title='bbox 496 1139 560 1180; x_wconf 81' lang='lat' dir='ltr'>von</span> <span class='ocrx_word' id='word_1_32' title='bbox 581 1117 646 1179; x_wconf 88' lang='lat' dir='ltr'>Dr.</span> <span class='ocrx_word' id='word_1_33' title='bbox 672 1115 777 1195; x_wconf 81' lang='lat' dir='ltr'>Georg</span> <span class='ocrx_word' id='word_1_34' title='bbox 800 1112 998 1212; x_wconf 76' lang='lat' dir='ltr'>Wolffgurrg</span> <span class='ocrx_word' id='word_1_35' title='bbox 1019 1117 1124 1184; x_wconf 77' lang='lat' dir='ltr'>Frana</span> <span class='ocrx_word' id='word_1_36' title='bbox 1148 1115 1231 1178; x_wconf 76' lang='lat' dir='ltr'>Para·</span> 
     </span>
    </p>
   </div>
   <div class='ocr_carea' id='block_1_5' title="bbox 307 1222 951 1412">
    <p class='ocr_par' dir='ltr' id='par_1_5' title="bbox 307 1222 941 1412">
     <span class='ocr_line' id='line_1_8' title="bbox 307 1222 753 1303; baseline -0.018 -17"><span class='ocrx_word' id='word_1_37' title='bbox 307 1241 380 1296; x_wconf 78' lang='lat' dir='ltr'>aar,</span> <span class='ocrx_word' id='word_1_38' title='bbox 402 1222 581 1303; x_wconf 72' lang='lat' dir='ltr'>Erlangen,</span> <span class='ocrx_word' id='word_1_39' title='bbox 609 1225 698 1288; x_wconf 75' lang='lat'>1804.</span> <span class='ocrx_word' id='word_1_40' title='bbox 722 1239 753 1294; x_wconf 88' lang='lat'>4.</span> 
     </span>
     <span class='ocr_line' id='line_1_9' title="bbox 500 1317 951 1412; baseline 0.005 -28"><span class='ocrx_word' id='word_1_41' title='bbox 500 1317 798 1412; x_wconf 74' lang='lat' dir='ltr'>6.Sclraeffer1ns.</span> <span class='ocrx_word' id='word_1_42' title='bbox 823 1322 951 1390; x_wconf 75' lang='lat' dir='ltr'>Rattst.</span> 
     </span>
    </p>
   </div>
   <div class='ocr_carea' id='block_1_6' title="bbox 264 1419 1230 1615">
    <p class='ocr_par' dir='ltr' id='par_1_6' title="bbox 264 1419 1229 1615">
     <span class='ocr_line' id='line_1_10' title="bbox 264 1419 1229 1527; baseline -0.007 -32"><span class='ocrx_word' id='word_1_43' title='bbox 264 1419 307 1496; x_wconf 87' lang='lat' dir='ltr'>D.</span> <span class='ocrx_word' id='word_1_44' title='bbox 337 1427 450 1492; x_wconf 76' lang='lat' dir='ltr'>lacota</span> <span class='ocrx_word' id='word_1_45' title='bbox 482 1423 660 1527; x_wconf 68' lang='lat' dir='ltr'>Christiana</span> <span class='ocrx_word' id='word_1_46' title='bbox 685 1423 859 1520; x_wconf 77' lang='lat' dir='ltr'>Schaeffe</span> <span class='ocrx_word' id='word_1_47' title='bbox 829 1448 858 1488; x_wconf 80' lang='lat' dir='ltr'>rr</span> <span class='ocrx_word' id='word_1_48' title='bbox 894 1429 1005 1494; x_wconf 72' lang='lat' dir='ltr'>leone·</span> <span class='ocrx_word' id='word_1_49' title='bbox 1034 1424 1229 1490; x_wconf 75' lang='lat' dir='ltr'>infectorum</span> 
     </span>
     <span class='ocr_line' id='line_1_11' title="bbox 305 1531 1230 1615; baseline -0.004 -17"><span class='ocrx_word' id='word_1_50' title='bbox 305 1536 388 1599; x_wconf 80' lang='lat' dir='ltr'>eirca</span> <span class='ocrx_word' id='word_1_51' title='bbox 421 1533 629 1595; x_wconf 81' lang='lat' dir='ltr'>Ratiabouam</span> <span class='ocrx_word' id='word_1_52' title='bbox 668 1532 896 1615; x_wconf 82' lang='lat' dir='ltr'>indigeuorum</span> <span class='ocrx_word' id='word_1_53' title='bbox 930 1547 989 1598; x_wconf 82' lang='lat' dir='ltr'>etc.</span> <span class='ocrx_word' id='word_1_54' title='bbox 1026 1531 1099 1600; x_wconf 83' lang='lat' dir='ltr'>Vol.</span> <span class='ocrx_word' id='word_1_55' title='bbox 1115 1533 1230 1607; x_wconf 80' lang='lat'>1-111..</span> 
     </span>
    </p>
   </div>
   <div class='ocr_carea' id='block_1_7' title="bbox 298 1634 865 1784">
    <p class='ocr_par' dir='ltr' id='par_1_7' title="bbox 298 1634 860 1784">
     <span class='ocr_line' id='line_1_12' title="bbox 298 1634 676 1724; baseline -0.03 -20"><span class='ocrx_word' id='word_1_56' title='bbox 298 1640 512 1724; x_wconf 76' lang='lat' dir='ltr'>Bageuaburg</span> <span class='ocrx_word' id='word_1_57' title='bbox 535 1634 624 1711; x_wconf 83' lang='lat'>1766.</span> <span class='ocrx_word' id='word_1_58' title='bbox 645 1652 676 1711; x_wconf 89' lang='lat'>4.</span> 
     </span>
     <span class='ocr_line' id='line_1_13' title="bbox 582 1737 865 1784; baseline 0.007 -2"><span class='ocrx_word' id='word_1_59' title='bbox 582 1737 608 1782; x_wconf 72' lang='lat' dir='ltr'>rr</span> <span class='ocrx_word' id='word_1_60' title='bbox 834 1739 865 1784; x_wconf 69' lang='lat' dir='ltr'>a</span> 
     </span>
    </p>
   </div>
   <div class='ocr_carea' id='block_1_8' title="bbox 157 1811 1227 2322">
    <p class='ocr_par' dir='ltr' id='par_1_8' title="bbox 157 1811 1227 2302">
     <span class='ocr_line' id='line_1_14' title="bbox 243 1811 1227 1918; baseline -0.007 -22"><span class='ocrx_word' id='word_1_61' title='bbox 243 1861 247 1868; x_wconf 95' lang='lat'>·</span> <span class='ocrx_word' id='word_1_62' title='bbox 292 1817 529 1918; x_wconf 80' lang='lat' dir='ltr'><strong>Priusquam</strong></span> <span class='ocrx_word' id='word_1_63' title='bbox 560 1815 609 1891; x_wconf 86' lang='lat' dir='ltr'>ad</span> <span class='ocrx_word' id='word_1_64' title='bbox 635 1812 804 1916; x_wconf 77' lang='lat' dir='ltr'>systema</span> <span class='ocrx_word' id='word_1_65' title='bbox 830 1812 960 1916; x_wconf 86' lang='lat' dir='ltr'>ipsum</span> <span class='ocrx_word' id='word_1_66' title='bbox 986 1811 1138 1889; x_wconf 81' lang='lat' dir='ltr'>transeo</span> <span class='ocrx_word' id='word_1_67' title='bbox 1159 1812 1227 1889; x_wconf 84' lang='lat' dir='ltr'>hie</span> 
     </span>
     <span class='ocr_line' id='line_1_15' title="bbox 215 1941 1227 2051; baseline -0.01 -21"><span class='ocrx_word' id='word_1_68' title='bbox 215 1941 511 2051; x_wconf 56' lang='lat' dir='ltr'>ssdnotationes‘</span> <span class='ocrx_word' id='word_1_69' title='bbox 537 1947 725 2047; x_wconf 84' lang='lat' dir='ltr'>quasdam</span> <span class='ocrx_word' id='word_1_70' title='bbox 756 1945 812 2018; x_wconf 81' lang='lat' dir='ltr'>ad</span> <span class='ocrx_word' id='word_1_71' title='bbox 834 1943 1118 2047; x_wconf 81' lang='lat' dir='ltr'>Prolegomena</span> <span class='ocrx_word' id='word_1_72' title='bbox 1137 1943 1227 2020; x_wconf 79' lang='lat' dir='ltr'>Mu-</span> 
     </span>
     <span class='ocr_line' id='line_1_16' title="bbox 218 2073 1227 2182; baseline -0.002 -29"><span class='ocrx_word' id='word_1_73' title='bbox 218 2073 465 2182; x_wconf 76' lang='lat' dir='ltr'>nographiae</span> <span class='ocrx_word' id='word_1_74' title='bbox 511 2077 841 2171; x_wconf 83' lang='lat' dir='ltr'>Micropterorum</span> <span class='ocrx_word' id='word_1_75' title='bbox 886 2073 935 2146; x_wconf 84' lang='lat' dir='ltr'>de</span> <span class='ocrx_word' id='word_1_76' title='bbox 974 2099 1076 2150; x_wconf 82' lang='lat' dir='ltr'>auno</span> <span class='ocrx_word' id='word_1_77' title='bbox 1118 2093 1227 2162; x_wconf 68' lang='lat' dir='ltr'>raon.</span> 
     </span>
     <span class='ocr_line' id='line_1_17' title="bbox 157 2205 705 2322; baseline -0.009 -41"><span class='ocrx_word' id='word_1_78' title='bbox 157 2259 159 2264; x_wconf 80' lang='lat'><em>·</em></span> <span class='ocrx_word' id='word_1_79' title='bbox 214 2205 328 2302; x_wconf 88' lang='lat' dir='ltr'>(vide</span> <span class='ocrx_word' id='word_1_80' title='bbox 352 2229 390 2278; x_wconf 93' lang='lat' dir='ltr'>n.</span> <span class='ocrx_word' id='word_1_81' title='bbox 407 2210 463 2290; x_wconf 79' lang='lat'>4.)</span> <span class='ocrx_word' id='word_1_82' title='bbox 488 2205 705 2322; x_wconf 84' lang='lat' dir='ltr'>praemitto.</span> 
     </span>
    </p>
   </div>
   <div class='ocr_carea' id='block_1_9' title="bbox 288 2327 1226 2550">
    <p class='ocr_par' dir='ltr' id='par_1_9' title="bbox 288 2327 1226 2550">
     <span class='ocr_line' id='line_1_18' title="bbox 389 2327 1043 2430; baseline -0.002 -25"><span class='ocrx_word' id='word_1_83' title='bbox 389 2330 447 2405; x_wconf 87' lang='lat' dir='ltr'>Ad</span> <span class='ocrx_word' id='word_1_84' title='bbox 471 2357 509 2430; x_wconf 90' lang='lat' dir='ltr'>p.</span> <span class='ocrx_word' id='word_1_85' title='bbox 501 2337 603 2412; x_wconf 89' lang='lat' dir='ltr'>..XV</span> <span class='ocrx_word' id='word_1_86' title='bbox 627 2346 776 2429; x_wconf 89' lang='lat' dir='ltr'>partem</span> <span class='ocrx_word' id='word_1_87' title='bbox 804 2327 1043 2404; x_wconf 80' lang='lat' dir='ltr'>inferiorern.</span> 
     </span>
     <span class='ocr_line' id='line_1_19' title="bbox 288 2450 1226 2550; baseline 0 -22"><span class='ocrx_word' id='word_1_88' title='bbox 288 2453 430 2528; x_wconf 86' lang='lat' dir='ltr'>Forma</span> <span class='ocrx_word' id='word_1_89' title='bbox 470 2468 508 2526; x_wconf 90' lang='lat' dir='ltr'>et</span> <span class='ocrx_word' id='word_1_90' title='bbox 546 2452 750 2550; x_wconf 88' lang='lat' dir='ltr'>proportio</span> <span class='ocrx_word' id='word_1_91' title='bbox 787 2455 962 2548; x_wconf 77' lang='lat' dir='ltr'>partium</span> <span class='ocrx_word' id='word_1_92' title='bbox 1000 2455 1080 2527; x_wconf 82' lang='lat' dir='ltr'>oris</span> <span class='ocrx_word' id='word_1_93' title='bbox 1116 2450 1226 2528; x_wconf 88' lang='lat' dir='ltr'>haud</span> 
     </span>
    </p>
   </div>
   <div class='ocr_carea' id='block_1_10' title="bbox 147 2575 1225 3578">
    <p class='ocr_par' dir='ltr' id='par_1_10' title="bbox 147 2575 1225 3578">
     <span class='ocr_line' id='line_1_20' title="bbox 216 2575 1224 2684; baseline -0.001 -27"><span class='ocrx_word' id='word_1_94' title='bbox 216 2579 393 2657; x_wconf 83' lang='lat' dir='ltr'>obsolute</span> <span class='ocrx_word' id='word_1_95' title='bbox 424 2596 462 2655; x_wconf 88' lang='lat' dir='ltr'>et</span> <span class='ocrx_word' id='word_1_96' title='bbox 494 2578 646 2678; x_wconf 84' lang='lat' dir='ltr'>semper</span> <span class='ocrx_word' id='word_1_97' title='bbox 677 2577 918 2654; x_wconf 86' lang='lat' dir='ltr'>inuariabilis</span> <span class='ocrx_word' id='word_1_98' title='bbox 950 2575 1052 2654; x_wconf 80' lang='lat' dir='ltr'>funt.</span> <span class='ocrx_word' id='word_1_99' title='bbox 1103 2580 1224 2684; x_wconf 85' lang='lat' dir='ltr'>Quod</span> 
     </span>
     <span class='ocr_line' id='line_1_21' title="bbox 215 2689 1223 2816; baseline -0.002 -30"><span class='ocrx_word' id='word_1_100' title='bbox 215 2709 265 2786; x_wconf 87' lang='lat' dir='ltr'>ad</span> <span class='ocrx_word' id='word_1_101' title='bbox 286 2705 485 2816; x_wconf 83' lang='lat' dir='ltr'>sormam,</span> <span class='ocrx_word' id='word_1_102' title='bbox 521 2689 746 2796; x_wconf 87' lang='lat' dir='ltr'>obseruaui‚</span> <span class='ocrx_word' id='word_1_103' title='bbox 780 2707 988 2806; x_wconf 88' lang='lat' dir='ltr'>palporum</span> <span class='ocrx_word' id='word_1_104' title='bbox 1012 2707 1223 2784; x_wconf 87' lang='lat' dir='ltr'>articulum</span> 
     </span>
     <span class='ocr_line' id='line_1_22' title="bbox 215 2831 1222 2936; baseline 0 -24"><span class='ocrx_word' id='word_1_105' title='bbox 215 2839 401 2912; x_wconf 87' lang='lat' dir='ltr'>vltimum</span> <span class='ocrx_word' id='word_1_106' title='bbox 434 2831 653 2936; x_wconf 85' lang='lat' dir='ltr'>Astrapaei</span> <span class='ocrx_word' id='word_1_107' title='bbox 687 2840 811 2929; x_wconf 88' lang='lat' dir='ltr'>(nunc</span> <span class='ocrx_word' id='word_1_108' title='bbox 844 2831 1068 2934; x_wconf 69' lang='lat' dir='ltr'>staphylini</span> <span class='ocrx_word' id='word_1_109' title='bbox 1097 2836 1222 2932; x_wconf 84' lang='lat' dir='ltr'>Vtmi)</span> 
     </span>
     <span class='ocr_line' id='line_1_23' title="bbox 212 2964 1224 3066; baseline -0.002 -26"><span class='ocrx_word' id='word_1_110' title='bbox 212 2966 491 3065; x_wconf 80' lang='lat' dir='ltr'>triangularem</span> <span class='ocrx_word' id='word_1_111' title='bbox 517 2968 638 3066; x_wconf 84' lang='lat' dir='ltr'>magis</span> <span class='ocrx_word' id='word_1_112' title='bbox 659 2964 843 3037; x_wconf 86' lang='lat' dir='ltr'>minusue</span> <span class='ocrx_word' id='word_1_113' title='bbox 866 2964 1043 3036; x_wconf 84' lang='lat' dir='ltr'>contrahi</span> <span class='ocrx_word' id='word_1_114' title='bbox 1069 2978 1108 3040; x_wconf 88' lang='lat' dir='ltr'>et</span> <span class='ocrx_word' id='word_1_115' title='bbox 1132 2966 1224 3039; x_wconf 89' lang='lat' dir='ltr'>arti·</span> 
     </span>
     <span class='ocr_line' id='line_1_24' title="bbox 147 3089 1223 3192; baseline -0.005 -21"><span class='ocrx_word' id='word_1_116' title='bbox 147 3102 150 3108; x_wconf 78' lang='grc'>’</span> <span class='ocrx_word' id='word_1_117' title='bbox 212 3096 305 3171; x_wconf 86' lang='lat' dir='ltr'>culo</span> <span class='ocrx_word' id='word_1_118' title='bbox 335 3097 475 3170; x_wconf 90' lang='lat' dir='ltr'>vltimo</span> <span class='ocrx_word' id='word_1_119' title='bbox 506 3110 623 3170; x_wconf 85' lang='lat' dir='ltr'>ouato</span> <span class='ocrx_word' id='word_1_120' title='bbox 656 3091 864 3192; x_wconf 88' lang='lat' dir='ltr'>palporum</span> <span class='ocrx_word' id='word_1_121' title='bbox 901 3089 1223 3190; x_wconf 84' lang='lat' dir='ltr'>Staphylinorum</span> 
     </span>
     <span class='ocr_line' id='line_1_25' title="bbox 212 3214 1222 3322; baseline -0.005 -24"><span class='ocrx_word' id='word_1_122' title='bbox 212 3223 384 3298; x_wconf 80' lang='lat' dir='ltr'>familiae</span> <span class='ocrx_word' id='word_1_123' title='bbox 416 3224 565 3322; x_wconf 82' lang='lat' dir='ltr'>primae</span> <span class='ocrx_word' id='word_1_124' title='bbox 589 3229 710 3314; x_wconf 90' lang='lat' dir='ltr'>(nuuc</span> <span class='ocrx_word' id='word_1_125' title='bbox 732 3217 913 3315; x_wconf 82' lang='lat' dir='ltr'>quintae)</span> <span class='ocrx_word' id='word_1_126' title='bbox 939 3214 1100 3292; x_wconf 75' lang='lat' dir='ltr'>similem</span> <span class='ocrx_word' id='word_1_127' title='bbox 1125 3215 1222 3294; x_wconf 86' lang='lat' dir='ltr'>fieri.</span> 
     </span>
     <span class='ocr_line' id='line_1_26' title="bbox 212 3343 1224 3450; baseline -0.02 -19"><span class='ocrx_word' id='word_1_128' title='bbox 212 3353 423 3450; x_wconf 79' lang='lat' dir='ltr'>Proportio</span> <span class='ocrx_word' id='word_1_129' title='bbox 448 3349 763 3425; x_wconf 89' lang='lat' dir='ltr'>mandibularum</span> <span class='ocrx_word' id='word_1_130' title='bbox 789 3363 827 3423; x_wconf 92' lang='lat' dir='ltr'>et</span> <span class='ocrx_word' id='word_1_131' title='bbox 847 3347 1055 3446; x_wconf 88' lang='lat' dir='ltr'>palporum</span> <span class='ocrx_word' id='word_1_132' title='bbox 1076 3347 1119 3418; x_wconf 92' lang='lat' dir='ltr'>in</span> <span class='ocrx_word' id='word_1_133' title='bbox 1138 3343 1224 3446; x_wconf 81' lang='lat' dir='ltr'>ipe.</span> 
     </span>
     <span class='ocr_line' id='line_1_27' title="bbox 212 3473 1225 3578; baseline -0.003 -23"><span class='ocrx_word' id='word_1_134' title='bbox 212 3475 346 3555; x_wconf 82' lang='lat' dir='ltr'>¹ciebus</span> <span class='ocrx_word' id='word_1_135' title='bbox 383 3477 617 3576; x_wconf 89' lang='lat' dir='ltr'>quibusdam</span> <span class='ocrx_word' id='word_1_136' title='bbox 660 3476 918 3578; x_wconf 79' lang='lat' dir='ltr'>-Oxytelorum</span> <span class='ocrx_word' id='word_1_137' title='bbox 949 3488 988 3548; x_wconf 90' lang='lat' dir='ltr'>et</span> <span class='ocrx_word' id='word_1_138' title='bbox 1023 3473 1225 3578; x_wconf 71' lang='lat' dir='ltr'>Staphyla·-</span> 
     </span>
    </p>
   </div>
   <div class='ocr_carea' id='block_1_11' title="bbox 211 3606 1273 3715">
    <p class='ocr_par' dir='ltr' id='par_1_11' title="bbox 211 3606 1273 3715">
     <span class='ocr_line' id='line_1_28' title="bbox 211 3606 1273 3715; baseline -0.012 -31"><span class='ocrx_word' id='word_1_139' title='bbox 211 3623 347 3684; x_wconf 83' lang='lat' dir='ltr'>norum</span> <span class='ocrx_word' id='word_1_140' title='bbox 372 3607 494 3681; x_wconf 88' lang='lat' dir='ltr'>variat</span> <span class='ocrx_word' id='word_1_141' title='bbox 515 3610 564 3704; x_wconf 88' lang='lat' dir='ltr'>(e.</span> <span class='ocrx_word' id='word_1_142' title='bbox 578 3633 612 3707; x_wconf 83' lang='lat' dir='ltr'>g.</span> <span class='ocrx_word' id='word_1_143' title='bbox 636 3606 695 3679; x_wconf 84' lang='lat' dir='ltr'>in&#39;</span> <span class='ocrx_word' id='word_1_144' title='bbox 711 3607 757 3682; x_wconf 92' lang='lat'>0.</span> <span class='ocrx_word' id='word_1_145' title='bbox 772 3608 874 3715; x_wconf 74' lang='lat' dir='ltr'>pieei</span> <span class='ocrx_word' id='word_1_146' title='bbox 897 3618 936 3677; x_wconf 88' lang='lat' dir='ltr'>et</span> <span class='ocrx_word' id='word_1_147' title='bbox 951 3607 1138 3697; x_wconf 82' lang='lat' dir='ltr'>carinati,</span> <span class='ocrx_word' id='word_1_148' title='bbox 1166 3609 1222 3686; x_wconf 77' lang='lat' dir='ltr'>Sc.</span> <span class='ocrx_word' id='word_1_149' title='bbox 1267 3659 1273 3671; x_wconf 62' lang='lat'>.</span> 
     </span>
    </p>
   </div>
   <div class='ocr_carea' id='block_1_12' title="bbox 208 3725 1225 4304">
    <p class='ocr_par' dir='ltr' id='par_1_12' title="bbox 208 3725 1225 4304">
     <span class='ocr_line' id='line_1_29' title="bbox 212 3725 1097 3836; baseline 0.001 -29"><span class='ocrx_word' id='word_1_150' title='bbox 212 3725 473 3836; x_wconf 81' lang='lat' dir='ltr'>castanopteri</span> <span class='ocrx_word' id='word_1_151' title='bbox 497 3749 536 3809; x_wconf 89' lang='lat' dir='ltr'>et</span> <span class='ocrx_word' id='word_1_152' title='bbox 560 3731 825 3834; x_wconf 81' lang='lat' dir='ltr'>er·ytlrropteri</span> <span class='ocrx_word' id='word_1_153' title='bbox 848 3729 1097 3831; x_wconf 85' lang='lat' dir='ltr'>indiuiduis).</span> 
     </span>
     <span class='ocr_line' id='line_1_30' title="bbox 487 3859 945 3962; baseline -0.004 -24"><span class='ocrx_word' id='word_1_154' title='bbox 487 3861 547 3938; x_wconf 78' lang='lat' dir='ltr'>Ad</span> <span class='ocrx_word' id='word_1_155' title='bbox 569 3866 717 3962; x_wconf 85' lang='lat' dir='ltr'>p.x1x.</span> <span class='ocrx_word' id='word_1_156' title='bbox 738 3876 835 3960; x_wconf 87' lang='lat' dir='ltr'>part.</span> <span class='ocrx_word' id='word_1_157' title='bbox 861 3859 945 3962; x_wconf 84' lang='lat' dir='ltr'>sup.</span> 
     </span>
     <span class='ocr_line' id='line_1_31' title="bbox 287 3975 1224 4096; baseline 0.001 -37"><span class='ocrx_word' id='word_1_158' title='bbox 287 3990 535 4088; x_wconf 79' lang='lat' dir='ltr'>Quamquam</span> <span class='ocrx_word' id='word_1_159' title='bbox 545 3975 676 4096; x_wconf 73' lang='lat' dir='ltr'>sarim</span> <span class='ocrx_word' id='word_1_160' title='bbox 700 3995 928 4080; x_wconf 73' lang='lat' dir='ltr'>patratorum</span> <span class='ocrx_word' id='word_1_161' title='bbox 949 3984 1120 4060; x_wconf 83' lang='lat' dir='ltr'>thoracis</span> <span class='ocrx_word' id='word_1_162' title='bbox 1135 3985 1224 4062; x_wconf 77' lang='lat' dir='ltr'>Sta·</span> 
     </span>
     <span class='ocr_line' id='line_1_32' title="bbox 208 4101 1225 4210; baseline 0.002 -30"><span class='ocrx_word' id='word_1_163' title='bbox 208 4101 382 4210; x_wconf 72' lang='lat' dir='ltr'>phylinis</span> <span class='ocrx_word' id='word_1_164' title='bbox 409 4103 580 4184; x_wconf 79' lang='lat' dir='ltr'>familiae</span> <span class='ocrx_word' id='word_1_165' title='bbox 612 4103 749 4181; x_wconf 84' lang='lat' dir='ltr'>tertiae</span> <span class='ocrx_word' id='word_1_166' title='bbox 781 4105 904 4201; x_wconf 86' lang='lat' dir='ltr'>(nunc</span> <span class='ocrx_word' id='word_1_167' title='bbox 929 4107 1119 4209; x_wconf 85' lang='lat' dir='ltr'>primae),</span> <span class='ocrx_word' id='word_1_168' title='bbox 1164 4131 1225 4181; x_wconf 91' lang='lat' dir='ltr'>ra·</span> 
     </span>
     <span class='ocr_line' id='line_1_33' title="bbox 1114 4228 1223 4304; baseline 0 0"><span class='ocrx_word' id='word_1_169' title='bbox 1114 4228 1223 4304; x_wconf 83' lang='lat' dir='ltr'>tione</span> 
     </span>
    </p>
   </div>
   <div class='ocr_carea' id='block_1_13' title="bbox 1343 822 1392 1054">
    <p class='ocr_par' dir='ltr' id='par_1_13' title="bbox 1343 747 1392 1054">
     <span class='ocr_line' id='line_1_34' title="bbox 1343 822 1392 1054; baseline 0 0"><span class='ocrx_word' id='word_1_170' title='bbox 1343 822 1392 1054; x_wconf 80' lang='lat' dir='ltr'>l</span> 
     </span>
    </p>
   </div>
   <div class='ocr_carea' id='block_1_14' title="bbox 0 0 1412 4810">
    <p class='ocr_par' dir='ltr' id='par_1_14' title="bbox 0 0 1412 4810">
     <span class='ocr_line' id='line_1_35' title="bbox 0 0 1412 4810; baseline 0 3"><span class='ocrx_word' id='word_1_171' title='bbox 0 0 1412 4810; x_wconf 95' lang='lat' dir='ltr'> </span> 
     </span>
    </p>
   </div>
  </div>
 </body>
</html>
