2768 4796
229 394 303 467 134
574 382 673 450 Vlll.
703 379 894 477 Ocytelas.

231 560 379 635 birrum
402 562 644 662 graciliorum
669 582 707 635 et
731 565 929 662 palpatum
957 564 1098 665 semper
1114 567 1251 640 filifor·
1373 587 1374 644 l

233 689 356 766 mium
386 692 765 767 habitatatione-
805 701 930 770 aanor
957 721 1103 769 nouam
1129 701 1254 770 exoti-

236 843 345 907 cam,
378 812 516 920 Piefias
549 820 706 910 scilicet,
743 847 897 920 corpore
920 821 1103 920 deprello‚
1135 826 1253 896 abdo·

237 946 343 1018 mine
370 948 644 1051 obtuliuaculo,
679 953 829 1022 thorace
855 950 1017 1039 sulcato,
1050 953 1254 1048 coleoptris

239 1072 448 1168 quadratis,
480 1079 582 1151 tibiis
604 1079 782 1152 breuibus
808 1081 952 1164 validis,
968 1078 1257 1178 spinoso-cilia·

240 1201 310 1289 tia,
333 1227 421 1276 cum
447 1208 518 1279 hoc
543 1233 677 1307 genere
701 1207 935 1306 iungendum
958 1207 1076 1298 foret,
1101 1207 1169 1280 niti
1188 1234 1256 1280 an·

240 1344 375 1403 tenaae
400 1336 576 1432 palpique
601 1334 817 1425 lililormea,
845 1360 912 1408 aec
927 1357 1005 1406 nou
1020 1337 1118 1409 vitae
1133 1361 1256 1435 genua

243 1475 357 1558 atque
383 1465 505 1536 victua
527 1481 564 1535 et
586 1465 766 1537 habitatio
789 1465 1050 1538 dissuaderent.

321 1594 475 1684 Oxyteli
510 1597 707 1666 commode
731 1595 772 1666 in
798 1611 871 1666 trea
899 1591 1059 1666 familiae
1082 1587 1260 1662 distribui

245 1715 415 1812 polluat:
441 1725 590 1795 Familia
608 1728 636 1794 1.
659 1721 944 1814 comprehendit
961 1717 1093 1813 species
1109 1719 1261 1789 thorace
1374 1707 1375 1716 ἵ

248 1846 573 1944 rugoso-sulcato,
605 1849 716 1921 sulcis
747 1851 809 1922 vel
842 1847 1038 1944 profundis
1069 1864 1108 1917 et
1132 1843 1261 1917 distin·

249 1974 321 2046 ctia
345 1976 407 2048 vel
431 1979 729 2053 obsoletioribus.
750 2021 802 2038 -·
834 1981 986 2051 Familia
1002 1981 1050 2049 ΙΙ.
1076 1977 1262 2068 Oxyteloa

250 2105 513 2196 complectitur
538 2110 687 2181 thorace
711 2107 856 2180 subleai
884 2104 1031 2192 nitido,
1060 2102 1162 2176 sulco
1187 2129 1262 2174 me-

251 2227 315 2298 dio
340 2230 606 2330 longitudiaali
630 2238 759 2310 inciso.
779 2277 830 2294 -
865 2235 1016 2307 Familia
1033 2237 1098 2302 111.
1125 2236 1264 2322 Oxyte·
1374 2245 1375 2250 ’

251 2354 312 2428 los
336 2354 468 2434 statura
495 2367 608 2459 paulo
630 2365 823 2466 graciliore
842 2379 879 2435 et
898 2359 1072 2431 teretiore
1092 2381 1205 2453 qaam
1222 2358 1263 2428 in

252 2482 394 2561 familia
417 2494 742 2585 praecedentibua3
772 2492 919 2562 thorace
946 2501 1104 2582 puncto,
1136 2485 1265 2558 medio

254 2614 319 2686 vel
343 2616 439 2688 laeui
467 2623 526 2692 vel
551 2622 654 2694 sulco
674 2619 941 2720 longitudiuali
961 2609 1116 2712 angusto
1134 2612 1266 2688 inciso.
1374 2707 1376 2732 Α

253 2746 356 2815 Haec
386 2743 548 2841 familia,
583 2751 659 2822 iam
683 2749 815 2822 habitu
841 2765 924 2820 toto
945 2769 965 2817 a
990 2741 1143 2838 reliquia
1165 2747 1267 2836 Oxy·
1375 2801 1376 2806 ,

255 2870 341 2943 telis
375 2872 534 2966 diuersa,
568 2879 726 2976 speciem
755 2900 907 2972 quoque
939 2873 1128 2958 continet,
1161 2895 1269 2966 quae,

256 3000 378 3093 pulpis
403 3002 666 3094 fililormibua,
700 3030 771 3078 nec
795 2999 1018 3074 acuminatis
1040 2998 1096 3070 vti
1118 3000 1160 3071 iu
1184 2997 1270 3070 reli·

258 3129 344 3233 qaia
368 3134 557 3224 Oxytelis3
582 3138 730 3206 thorace
751 3149 909 3226 puncto,
934 3129 1060 3202 medio
1079 3130 1176 3228 leui,
1201 3154 1271 3202 uec

257 3236 418 3344 sulcat03
454 3263 583 3354 elytria
620 3263 787 3356 punctis,
829 3260 1019 3332 interdum
1047 3257 1272 3352 subpuncto·

260 3381 414 3475 [tristis.
449 3387 578 3462 saltem
610 3391 652 3461 in
687 3385 876 3480 systemata
907 3386 1050 3460 lirenue
1084 3382 1273 3458 artificiali

263 3535 410 3588 nouum
446 3541 565 3616 genua
598 3518 782 3590 conderet.
848 3521 942 3588 Cum
975 3531 1102 3588 autem
1136 3512 1198 3584 hic
1230 3515 1274 3588 0.
1375 3613 1376 3618 ἵ

260 3643 390 3741 latipes
418 3641 549 3716 statura
577 3643 619 3717 fit
646 3650 690 3719 0.
712 3623 896 3735 tricomis,
918 3661 956 3716 et
978 3643 1081 3716 tibiia
1101 3639 1199 3729 latia,
1216 3642 1273 3712 vti
1372 3705 1376 3784 p

261 3770 401 3867 reliqui
421 3775 572 3866 Oxyteli
599 3775 776 3862 maiores,
806 3776 900 3846 hanc
925 3771 1081 3866 speciem
1108 3794 1195 3842 cum
1219 3775 1274 3840 're-
1375 3787 1376 3790 ’

260 3899 378 3996 liquis
394 3899 508 3974 huius
523 3900 688 3974 familiae
703 3901 888 3997 speciebus
904 3901 1128 4001 coniungere
1144 3899 1275 3991 malui,

265 4051 380 4130 quam
405 4032 553 4105 camin
579 4030 765 4128 peculiare
790 4054 908 4133 genua
934 4028 1110 4130 redigere.

1155 4162 1276 4231 Farat·
