2804 4798
242 341 330 432 .146
610 337 672 406 vt.
695 329 908 406 Alecchura.
959 347 962 352 '

258 519 440 618 exceptis,
466 517 700 592 fimillimum
728 513 794 607 est,
821 516 1024 606 adfaciem
1047 547 1183 598 nomen
1203 529 1271 602 ha·

258 668 389 726 ctenus
423 651 635 750 genericum
667 646 798 741 speciei
831 649 1008 720 manebit.
1040 688 1092 708 -·-
1136 656 1272 732 Parca

258 785 376 854 erraret
400 781 711 871 microptererum
733 775 847 848 huius
868 775 1033 850 familiae
1052 782 1189 854 arctius
1208 809 1271 874 cop

257 913 431 998 haerent,
458 923 574 1005 quam
597 908 640 978 in
667 904 823 978 familiia
848 907 1167 1000 praecedentibus,
1196 904 1272 983 mi.

258 1064 331 1112 nur
354 1057 481 1110 autem
501 1055 599 1110 arcte
618 1059 732 1130 quam
755 1033 795 1103 iu
818 1029 960 1104 familia
983 1034 1169 1132 sequente.
1200 1042 1272 1115 Ca-

258 1185 325 1266 put
349 1168 498 1238 thoraca
519 1164 673 1261 quidem
696 1161 822 1232 minus
845 1156 912 1248 est,
937 1161 1036 1232 haud
1064 1189 1153 1237 vero
1177 1167 1270 1240 adeo

258 1320 372 1393 qnam
391 1295 431 1364 iu
450 1289 595 1366 familia
613 1289 800 1386 sequente
830 1287 978 1360 Thorax
993 1292 1078 1384 plus
1092 1293 1270 1366 minusue

259 1424 506 1509 orbiculatus‚
535 1421 648 1516 paulo
671 1415 862 1490 interdum
886 1416 926 1486 in
950 1419 1191 1492 latitudinem
1207 1445 1271 1492 ex-

257 1548 405 1639 teniua,
432 1549 710 1642 ccleoptrorum
724 1546 869 1618 circiter
884 1547 1164 1646 magnitudine,
1190 1547 1269 1645 ipe·

258 1679 387 1752 ciebus
409 1678 525 1775 longe
540 1674 711 1769 plurimis
725 1677 852 1748 minus
867 1673 917 1749 est
930 1701 1135 1765 connexus,
1153 1701 1266 1774 quam
1394 1763 1395 1774 χ

257 1803 300 1880 in
315 1799 470 1880 familiis
490 1803 790 1899 praecedentibus
806 1820 844 1876 et
861 1803 1053 1900 sequente,
1075 1803 1266 1876 interdum

258 1953 385 2010 eutem
409 1934 500 2006 adeo
523 1956 739 2020 conuexus,
772 1952 815 2006 vt
845 1935 987 2007 thoraci
1013 1921 1168 2033 gibboso
1192 1933 1268 2029 spe·

173 2043 176 2048 A
257 2065 399 2136 cierunt
424 2087 445 2134 e
469 2060 613 2133 familia
636 2060 757 2156 prima
782 2062 935 2156 propius
960 2062 1125 2147 accedat,
1145 2053 1267 2135 forma

256 2209 384 2262 eutem
417 2189 641 2275 orbiculata,
677 2211 746 2258 nec
783 2190 933 2262 cordata
963 2189 1027 2263 vel
1058 2188 1266 2278 obcordata‚

255 2316 400 2411 semper
434 2317 479 2388 ab
512 2316 580 2386 illo
615 2313 793 2390 diuersus.
852 2319 1042 2392 Punctum
1072 2317 1202 2412 capitis
1227 2337 1267 2390 et

256 2442 419 2518 thoracis
449 2442 492 2512 in
521 2443 650 2540 regula
677 2429 737 2516 v'el
766 2446 922 2518 omnino
946 2441 1059 2533 deest,
1093 2444 1152 2517 vel
1172 2446 1266 2520 adeo

255 2569 308 2645 est
340 2570 504 2656 subtilis,
540 2587 582 2641 vt
614 2571 681 2642 vix
706 2573 825 2646 oculis
850 2574 1001 2646 armatis
1027 2563 1099 2644 sese
1124 2569 1266 2648 offerat.

255 2701 317 2772 At.
340 2698 536 2799 nigricollit
561 2715 687 2770 autem
711 2717 748 2770 et
774 2705 833 2774 Al.
852 2698 1006 2802 fulgida
1041 2700 1086 2771 ab
1118 2703 1187 2773 hac
1210 2725 1265 2770 re·

255 2827 344 2927 gula
377 2825 614 2920 excipiendae
632 2825 749 2922 ‘sunt3
780 2847 890 2924 caput
914 2853 1047 2925 nempe
1068 2844 1105 2899 et
1129 2827 1266 2900 thorax

253 2955 361 3028 illius
391 2955 585 3028 scabriculi
621 2953 723 3044 sunt,
760 2957 784 3026 i.
802 2982 832 3029 e.
858 2957 1009 3054 punctis
1032 2953 1265 3030 craffioribue

254 3081 438 3186 impressi,
473 3083 585 3154 huius
615 3107 705 3156 vero
740 3086 889 3178 punctis
920 3085 1046 3182 spatiis
1082 3084 1264 3160 distinctis

254 3208 429 3307 impresii.
497 3213 694 3308 Coleoptra
724 3209 921 3306 specierum
958 3213 1069 3286 huius
1099 3208 1265 3287 familiae

254 3339 430 3437 quadrata
453 3336 520 3410 effe
545 3338 675 3410 solent.
1274 3438 1278 3444 1
1312 3329 1314 3334 ’

328 3470 501 3540 Familiae
528 3473 589 3538 lv.
625 3467 868 3560 Aleocharae,
901 3463 1050 3570 flatura
1078 3491 1202 3544 coacta
1227 3490 1265 3545 et

254 3591 383 3680 craffa,
405 3595 526 3665 trunci
539 3592 704 3688 partibus
721 3595 914 3670 arctisfime
928 3601 1088 3672 inuicem
1110 3601 1263 3688 iunctis,
1388 3669 1395 3682 ,

252 3721 485 3811 latiuaculia,
508 3747 529 3793 a
545 3720 731 3815 speciebus
753 3726 1054 3816 praecedentibus
1071 3725 1263 3802 differunt.

252 3855 354 3924 Haec
378 3847 510 3924 statura
537 3867 660 3922 coacta
686 3847 792 3920 craffa
814 3849 967 3950 fingulis
997 3855 1109 3928 etiam
1138 3821 1264 3929 trunci

252 3981 420 4078 partibus
458 3978 621 4055 formam
658 3977 768 4055 efficit
797 3982 1038 4079 peculiarem,
1076 3963 1265 4081 imprimis¹

1122 4109 1262 4210 'respe-
