2804 4798
441 349 444 356 ¹
500 369 565 444 vt,
590 362 805 460 Aleoclrura.
1086 391 1155 470 ¹47

142 555 308 652 respectu
338 550 594 648 proportionis
626 551 882 652 longitudinis
915 554 1078 650 partium
1111 564 1159 640 ad

140 683 380 756 latitudinem
414 703 561 753 esrum:
602 684 724 778 Caput
756 705 937 775 paruum,
973 685 1162 766 orbicula-¹

139 831 242 898 turn,
267 809 333 881 sub
357 807 503 881 thorace
523 809 645 879 multo
664 809 1154 916 maiore‚.conuex0„rrans-

139 938 268 1026 verso,
295 937 437 1033 apicem
464 933 587 1006 versus
610 937 831 1034 plerumque
857 935 1153 1037 angustiore,sb·

137 1065 339 1140 sconditur.
402 1067 594 1158 Coleoptra
630 1064 832 1138 transuersa
871 1065 976 1154 sunt,
1017 1070 1149 1162 elytris

1 1181 2 1184 Ἴ
136 1193 281 1290 saepius
307 1191 569 1289 subquadrstis.
586 1233 637 1247 -
667 1198 769 1263 Haec
787 1191 958 1283 familia,
977 1193 1149 1292 specimi.

135 1322 246 1394 nibus
271 1305 493 1419 quibusdam
520 1317 646 1390 minus
674 1321 807 1393 coactis
838 1340 892 1410 et,
926 1325 1030 1417 quod
1057 1325 1147 1402 inda

1 1427 2 1502 ἓ
135 1447 320 1546 sequitur,
347 1451 494 1520 thorace
520 1443 794 1543 coleoptrisque
814 1449 943 1524 minus
964 1451 1051 1526 latis
1075 1457 1146 1528 mi·

132 1603 281 1674 nusque
312 1575 513 1662 connexis,
556 1595 642 1643 cum
679 1571 824 1648 familia
853 1582 917 1650 ΙΙΙ,
956 1580 1141 1680 iungitur,

0 1751 3 1758 ‚
131 1731 162 1780 o.
180 1732 214 1806 g.
239 1707 375 1802 perAl.
390 1699 624 1802 ruficornem,
649 1703 865 1773 laeuemetc.
882 1743 933 1758 -
959 1712 1007 1777 Vt
1022 1699 1145 1782 omni.

129 1835 200 1908 bus
219 1834 448 1932 reliquarum
464 1825 696 1901 familiarum
714 1829 935 1918 Aleocharis,
951 1831 1010 1918 ita
1026 1839 1141 1912 etiam

129 1961 315 2058 speciebus
339 1956 455 2031 huius
478 1953 645 2027 familiae
669 1956 781 2056 louge
797 1958 982 2052 plurimis,
1003 1966 1144 2040 labrum

129 2089 382 2164 transuersum
405 2100 443 2154 at
466 2084 565 2180 palpi
583 2081 713 2155 breues
731 2086 954 2179 acuminati,
981 2095 1143 2168 articulo

126 2215 338 2315 penultimo
373 2217 539 2299 clauato,
578 2208 675 2282 lunt.
744 2212 978 2309 Quibusdam
1012 2241 1143 2297 sutem
1243 2264 1247 2277 .

127 2345 240 2417 huius
274 2341 436 2416 familiae
469 2337 703 2440 Aleocharis,
736 2339 876 2413 scilicet
898 2349 959 2417 Al.
979 2345 1142 2449 excusae,

126 2441 285 2546 minutae
315 2487 352 2542 et
380 2475 520 2570 palpali
554 2470 703 2543 labrum
728 2468 954 2563 productum
984 2474 1142 2574 subqua.

1 2647 2 2698 1
125 2598 518 2672 druto-orbiculatum
544 2617 581 2671 et
606 2593 728 2694 palpi,
766 2620 930 2692 quorum
960 2602 1141 2682 articulus

122 2727 283 2826 vltimus
308 2728 374 2803 vix
400 2725 559 2801 visibilis
586 2723 636 2798 ast
663 2742 701 2796 et
724 2724 835 2796 oculo
868 2727 959 2799 bena
992 2753 1135 2809 armato

120 2883 205 2956 qua
221 2856 293 2930 sata
319 2856 520 2957 perexigua
541 2873 579 2927 et
599 2851 723 2927 tenuis
744 2850 817 2924 sesa
831 2847 1008 2948 ostendit,
1023 2860 1133 2963 longi

120 3007 159 3063 ot
187 2984 400 3088 graciliores
428 2985 525 3059 sunt.
608 2967 609 2973 ἵ

194 3118 344 3204 Familia
359 3119 401 3185 V.
428 3113 563 3208 species
585 3111 821 3184 solummodo
846 3111 937 3185 duas
961 3137 1128 3212 compre.

117 3242 249 3314 heudit
270 3238 508 3339 perexiguas,
530 3238 662 3312 habitu
683 3255 807 3310 autem
824 3255 860 3312 et
873 3237 996 3314 forma
1013 3261 1127 3341 atqua

116 3372 357 3474 proportione
382 3368 544 3465 partium
560 3366 786 3466 lingularum
800 3366 1036 3444 abomuibus
1049 3397 1127 3447 cae·

1 3591 2 3602 ἵ
117 3497 206 3571 teris
231 3497 439 3568 Aleocharia
466 3494 549 3567 satis
579 3493 784 3582 distinctas,
811 3511 855 3569 vt
872 3495 914 3567 in
935 3501 1125 3598 propriam

115 3624 301 3702 familiam
333 3622 514 3722 coniungi
547 3618 692 3720 posfint.
750 3625 887 3718 Corpus
912 3625 961 3698 ast
984 3629 1127 3726 depres-

114 3752 330 3835 srusculum.
389 3755 523 3847 Caput,
567 3745 738 3822 antennis
776 3751 986 3826 extrorsum
1014 3759 1125 3832 valde

112 3878 330 3968 iucrallatis,
355 3878 504 3951 thoraca
527 3853 574 3952 est
595 3875 731 3948 miuus.
770 3877 918 3951 Thorax
940 3899 1124 3957 transuer-

111 4009 171 4086 sus
193 4011 520 4084 conuexiusculus.
558 4008 751 4106 Coleopcra
765 4007 881 4098 leuia,
903 4013 1121 4103 transuersa,

698 4142 731 4210 K
758 4161 779 4209 s
1040 4140 1125 4212 tho·
