2768 4796
473 374 571 445 VIII.
602 371 789 469 Oxytelus.
1068 390 1139 460 135

879 579 896 636 l

470 665 638 734 ozavs
681 664 780 732 VIII.

407 811 894 924 oxrraava'

195 1066 340 1147 Genus,
383 1084 537 1152 corpore
568 1055 854 1152 depreifiuaoulo
882 1057 1015 1150 (rarius
1039 1076 1130 1133 tere·

118 1186 317 1283 tiusculo),
342 1188 515 1260 antennis
542 1185 748 1260 extrorsrim
775 1183 1017 1274 craffioribus,
1046 1190 1128 1259 tho·

117 1340 198 1386 raee
222 1313 381 1402 sulcato,
421 1313 623 1386 abdomine
652 1312 850 1383 latiuseulo
877 1313 1009 1385 obtuso
1033 1341 1129 1388 mar·

117 1445 264 1540 ginato,
291 1440 409 1536 palpis
432 1439 654 1513 acuminatis
678 1447 848 1536 (excepto
872 1459 1033 1514 attamen
1057 1445 1127 1518 Ox.

116 1572 291 1664 lampade,
319 1569 380 1639 cui
408 1568 508 1661 palpi
527 1565 721 1640 filiformes
736 1567 858 1663 sunt),
883 1568 978 1642 bene
1000 1567 1127 1645 distin·

115 1717 230 1769 otum.
283 1697 394 1768 Pedea
420 1693 580 1778 sofforii5
615 1695 736 1783 tibiis,
764 1695 958 1792 praecipue
977 1695 1127 1786 antioia,

114 1825 268 1910 validis,
303 1822 501 1896 latioribus
531 1829 641 1916 qaiam
671 1822 712 1891 in
738 1823 817 1893 vilo
841 1824 1127 1921 aliooogenere,

112 1950 449 2048 spinoso-cilinia,
475 1950 564 2020 huic
588 1949 713 2047 generi
735 1948 878 2046 proprii
901 1949 1007 2023 sunt:
1042 1958 1127 2047 Spe·

111 2081 237 2151 oiebua
261 2077 411 2173 quidem
439 2077 648 2148 minoribus
679 2083 727 2174 (e.
749 2104 782 2177 g.
814 2082 855 2152 0.
879 2081 993 2167 tenui,
1026 2081 1125 2180 pedi·

114 2213 221 2293 cello,
237 2197 458 2307 fuliginoso)
483 2203 597 2276 tibiae
621 2206 745 2277 minus
771 2206 916 2278 validae
931 2205 1026 2293 sunt,
1048 2217 1131 2301 quo'

112 2334 319 2432 Aleochorir
335 2332 704 2428 adpropinquantem}
729 2331 833 2407 tibiia
851 2352 1026 2420 attamen,
1046 2359 1123 2406 cae·
1239 2347 1243 2352 '

111 2461 200 2534 teris
225 2460 391 2555 paribus,
418 2459 557 2557 semper
583 2461 825 2533 validioribus
848 2489 961 2559 quam
979 2465 1017 2532 in
1038 2463 1124 2534 Ale·

53 2621 56 2634 ¹
112 2591 275 2673 orharis,
298 2603 334 2657 et
354 2589 500 2660 thorace
525 2588 665 2684 semper
687 2588 826 2660 sulcato
844 2593 908 2664 vel
930 2590 1125 2663 foueolato

109 2721 235 2815 (sulcis
265 2716 457 2790 interdum
490 2715 817 2808 obsoletioribus),
843 2716 1023 2814 distingui
1045 2715 1125 2813 pos-¹
1196 2719 1200 2724 ”

110 2850 204 2921 sunt.
232 2887 282 2904 -
312 2851 436 2918 Genua
461 2844 581 2933 aliud,
608 2869 693 2916 cum
722 2829 797 2939 quo
825 2847 1004 2939 quaedam
1021 2850 1123 2936 Oxy·

111 2981 274 3050 telorum
303 2972 455 3070 species,
490 3000 520 3046 e.
540 3000 574 3072 g.
604 2977 645 3045 0.
672 2975 872 3060 carinatas,
896 2977 1016 3072 piceas
1042 2990 1123 3059 etc..

109 3111 229 3205 primo
264 3104 425 3191 intuitu,
469 3106 632 3198 aliquam
673 3099 953 3176 iinriiitndinenr
989 3098 1121 3168 habere

111 3240 304 3321 videntur,
337 3206 422 3304 snrit
447 3234 610 3320 Omnlia,
645 3235 856 3326 etquidem
883 3231 949 3297 ilia
977 3251 1123 3311 eorum,

109 3364 247 3461 quibua
276 3365 408 3432 thorax
436 3359 596 3434 sulcatus
620 3360 690 3442 et'n
724 3361 782 3430 sed
812 3357 933 3430 forma
962 3351 1122 3424 thoracis

110 3513 146 3564 et
174 3493 251 3562 eius
274 3488 478 3572 sulcorum,
502 3487 688 3579 coleoptm
714 3488 846 3584 longa,
872 3457 1054 3562 abdomen
1072 3478 1125 3550 la·

110 3623 204 3705 tius,
244 3618 327 3688 sunt
351 3584 574 3684 characteres
602 3609 838 3698 sufficientes,
874 3611 1011 3708 quibua
1034 3608 1123 3677 haec

62 3790 65 3796 ,
110 3747 274 3834 Omaiia,
310 3745 507 3840 ipsumque
536 3747 615 3814 om.
643 3734 837 3841 rugosum,
864 3737 966 3832 quod
991 3733 1124 3804 habitu

111 3877 279 3968 Oxyteiia
304 3874 419 3970 magis
443 3868 561 3942 simile
588 3867 655 3957 est,
683 3893 796 3962 quam
823 3870 896 3938 vlia
918 3865 989 3936 alia
1009 3860 1125 3932 huius

112 4005 253 4102 generis
277 4001 430 4098 speciae,
457 4000 501 4076 ab
529 3997 699 4091 Oxytelia
726 3994 926 4081 differunt,
945 3991 1059 4062 nulla
1083 3989 1128 4056 ti·

975 4116 1127 4192 biarum.
