2814 4810
432 259 767 404 arnaeaptyunus.
792 305 873 377 at
1109 325 1193 432 49=

252 489 402 564 Thorcoe
432 488 681 576 orbiculatus,
723 488 790 562 vix
822 487 934 584 paulo
967 490 1158 590 angustior

196 643 312 717 quam
335 617 376 688 in
402 621 454 688 St.
472 619 606 704 nitido,
638 615 881 714 nigerrimus,
907 616 1156 715 nitidillirnus,
1194 695 1199 714 ,

197 750 475 841 coleoptrorum
509 743 770 846 magnitudine
778 771 791 832 ς
825 764 1011 842 punctura
1047 767 1092 825 vt
1114 752 1158 827 in

194 881 248 951 St.
263 876 387 948 nitida.

245 1027 442 1121 Coleoptrc
465 1019 662 1117 quadrata,
698 1018 879 1110 nitidula,
905 1019 1093 1097 subtiliter
1117 1043 1156 1098 et

182 1151 392 1228 'confertim
409 1167 548 1246 puncta
556 1173 569 1233 3
594 1149 681 1246 pilis
698 1145 936 1237 breuillrmia,
962 1149 1156 1232 intertium

194 1279 276 1378 ipso
301 1296 445 1352 armato
472 1277 583 1350 oculo
609 1274 678 1350 vix
702 1275 933 1390 conspicuis,
955 1297 1061 1356 tecta.

204 1465 207 1471 ·
243 1429 452 1516 Attamen,
491 1422 689 1518 coleoptris
722 1425 807 1520 plus
843 1424 956 1520 triplo
989 1429 1155 1530 longius,

192 1549 420 1630 subtililltmc
435 1569 629 1655 punctum,
651 1551 873 1641 nitidulum,
895 1554 1069 1654 nigrnm3
1092 1586 1154 1634 ω.

189 1687 333 1760 loribus
348 1681 471 1754 aeneia
489 1680 606 1778 magis
621 1679 967 1766 minusuemicana3
990 1683 1155 1784 segmen·
1192 1696 1194 1710 '

186 1810 238 1888 'tia
277 1807 426 1886 ultimis
461 1809 523 1881 vel
552 1806 705 1906 integris
738 1808 799 1880 vel
829 1825 956 1882 ventre
985 1809 1153 1905 [innatis.

187 1939 401 2041 penultimo
438 1953 564 2009 autem
598 1934 740 2032 semper
773 1935 897 2006 multo
927 1939 1154 2035 profundius

185 2095 300 2170 quam
324 2063 676 2162 antepenultimam.
980 2051 984 2060 “

235 2214 352 2290 Pedes
374 2212 472 2314 nigri
480 2237 493 2298 3
525 2208 627 2286 teriia
653 2208 785 2296 fuscis,
808 2209 943 2287 enticis
972 2215 1150 2294 dilatatis.

235 2363 390 2438 Habitat
432 2359 659 2459 Brunluigae
687 2399 739 2415 —
773 2363 930 2452 Captus,
981 2379 1151 2460 ternpore

185 2492 351 2581 vernali,
374 2491 419 2565 ad
445 2487 574 2578 follae,
601 2487 667 2560 lub
686 2485 873 2582 lapidibus
894 2528 946 2544 -
969 2491 1081 2563 Dnhl.
1097 2533 1149 2549 -
1209 2547 1211 2554 ,

184 2621 340 2694 Habitat
377 2619 491 2692 etiam
534 2613 699 2704 Parilis,
749 2617 814 2688 vbi
846 2617 886 2686 in
925 2619 1151 2694 collectione

179 2743 360 2848 Rosciana
391 2745 605 2820 varietatem
637 2743 750 2816 buius
777 2745 992 2838 staphylini
1017 2764 1150 2822 anten-

178 2873 239 2948 nis
264 2874 355 2947 totis
380 2870 680 2976 commeo-rufis
707 2869 801 2943 vidi.

233 3032 285 3099 St.
305 3021 414 3127 tristis
436 3026 540 3100 Fabr.
569 3029 656 3096 Eut.
682 3015 837 3112 Syst.·st.
863 3044 901 3090 n.
921 3045 1003 3110 ct..
1026 3023 1148 3123 niger,

181 3157 333 3229 thorace
358 3153 678 3238 obscuro-aeneo,
703 3145 833 3240 elytris
858 3150 1148 3244 pubescentibus
1293 3168 1294 3174 ’

183 3281 470 3357 obscurioribus.
502 3321 553 3340 —
611 3277 764 3352 Habitat
794 3275 834 3348 in
867 3280 1006 3366 Dania3
1048 3286 1149 3361 Mus.

180 3415 296 3486 Dom.
323 3412 367 3483 de
392 3406 577 3484 Scheltedt
597 3447 648 3465 -
669 3406 786 3481 Paulo
810 3409 931 3482 maior
946 3417 996 3484 St.
1013 3413 1148 3507 polito.

14 3587 28 3622 t
177 3549 441 3617 Antennacum
474 3539 655 3612 articulus
691 3533 836 3630 primus
862 3540 966 3636 spice
991 3538 1150 3642 ferrugi-

178 3693 283 3743 neus.
330 3675 466 3765 scaput
501 3669 608 3754 leue,
652 3681 786 3737 atrum.
848 3667 1002 3741 Thorax
1037 3671 1145 3761 leuis,

177 3799 455 3898 nigro-aeneus
490 3791 689 3868 nitidulus.
746 3793 876 3886 Elytra
910 3797 1148 3894 pubescentia

176 3927 402 4002 obscuriora.
455 3932 596 4022 Corpus
620 3921 784 4020 nigrum.

696 4079 733 4148 D
1086 4103 1145 4152 aa.
