2814 4810
252 404 278 470 ῃ
543 376 575 445 Ῑ.
607 369 853 472 Tachyporus.
895 375 981 450 m

355 563 445 637 culo
474 585 490 636 ι
517 553 742 648 craffissimo,
775 559 934 653 apaulo
958 556 1123 648 minore,
1149 565 1283 640 ambo.¹
1333 617 1335 620 .

358 693 430 766 buc
464 706 591 762 autem
625 689 750 760 multo
779 683 1009 760 craffioribus
1042 710 1155 782 quam
1190 692 1279 764 reli.

359 818 446 920 qui,
474 841 560 909 3-7
588 816 805 916 gracilibus,
839 811 907 886 vix
934 811 1061 886 ienfim
1086 815 1283 893 crescenti--

361 950 445 1037 bus,
473 962 528 1032 8-
542 971 582 1019 11
609 941 852 1031 craffioribua‚
869 941 1005 1015 vltimo
1024 963 1138 1018 ouato
1154 967 1280 1024 acuto.

169 1077 198 1106 ³
314 1045 464 1152 Tioraae
487 1098 699 1163 connexus,
724 1071 965 1171 longitudine
979 1074 1188 1170 quadruplo
1202 1077 1281 1152 iere

363 1203 498 1292 latior,
525 1200 669 1298 apicem
693 1200 816 1273 versus
843 1199 956 1295 paulo
979 1200 1200 1299 angustatus.

312 1334 508 1429 Coleoptra
534 1354 722 1418 conuexa,
750 1328 929 1400 lateribus
955 1331 1171 1419 rotundatu,
1196 1331 1281 1403 thc-

364 1485 447 1533 race
469 1457 602 1534 latiora
627 1477 663 1530 et
688 1457 805 1552 duplo
824 1455 1017 1556 longiora3
1042 1455 1173 1551 alyttis
1190 1484 1279 1557 qua·

365 1588 491 1661 citatis.

316 1717 508 1790 ¹Abdomen
528 1715 662 1802 breue,
690 1729 865 1804 acutum,
891 1711 960 1785 sub
977 1714 1187 1810 coleoptera
1202 1739 1282 1789 om·
1383 1757 1385 1766 ι

365 1846 460 1918 nino
486 1841 564 1915 fere
590 1859 802 1913 retractum.

365 1978 468 2046 Haec
491 1969 636 2042 familia
655 1993 769 2040 vnam
793 1967 909 2040 modo
927 1967 1084 2064 speciem
1101 1974 1279 2063 continet,
1384 1967 1385 1986 ¹

317 2125 413 2197 quae
430 2101 584 2196 quidem
604 2093 801 2169 tranfitum
830 2098 876 2168 ad
893 2099 1085 2196 Scaphidia
1111 2100 1281 2191 ostendit,

317 2225 380 2298 fed
418 2227 526 2297 nullo
566 2226 680 2296 modo
720 2249 807 2296 cum
840 2226 894 2299 eis
929 2225 1114 2299 confundi
1153 2225 1280 2321 potest.
1369 2265 1385 2290 a

318 2358 461 2446 Corpus
487 2348 822 2450 globcfiusculumy
840 2379 1078 2445 connexum,
1117 2354 1284 2452 partibus

321 2479 450 2552 trunci
469 2477 607 2552 arctius
630 2478 932 2573 cohaerentibus,
957 2501 994 2556 et
1012 2485 1200 2578 coleoptra
1224 2483 1284 2554 ab·

322 2605 490 2680 dominis
517 2605 721 2679 maximam
746 2628 890 2704 partem
913 2609 1074 2710 tegentia
1091 2613 1286 2706 Tachypo·

320 2737 373 2809 ris
391 2736 501 2806 huius
514 2731 679 2806 familiae
694 2760 781 2808 cum
792 2740 998 2836 Scaphidiia
1015 2741 1167 2838 quidem
1183 2765 1285 2814 com·

320 2866 452 2940 munia
467 2862 571 2951 Γαίης
595 2867 652 2939 his
677 2895 766 2944 vero
793 2873 913 2965 elytra
936 2870 1023 2942 sunt
1045 2869 1186 2964 apicem
1203 2892 1284 2941 vcr-

320 2993 381 3066 sua
414 2990 544 3064 ienfim
574 2995 782 3096 angustata,
817 3002 919 3092 apice
951 2998 1030 3094 ipio
1056 2994 1190 3068 obtuso
1215 3017 1282 3066 nec

232 3179 237 3188 .
320 3139 504 3195 truncato.
539 3123 667 3216 Elytra
683 3145 809 3200 autem
825 3145 992 3200 truncata
1010 3125 1097 3197 sunt
1110 3119 1283 3194 omnium

319 3251 638 3344 Micropterorum
659 3256 844 3330 character
861 3256 1083 3329 communis.
1122 3259 1285 3324 Praeter·

321 3404 363 3451 ea
383 3395 508 3449 autem
524 3376 718 3472 scaphidiis
741 3385 828 3458 sunt
849 3383 951 3479 palpi
972 3381 1188 3468 filiformes,
1215 3384 1286 3452 Ta·

319 3505 495 3604 chyporia
517 3506 629 3581 h'uius
656 3510 821 3586 familiae
846 3529 973 3585 autem
997 3507 1213 3580 acuminati.

369 3643 402 3707 A
437 3636 667 3731 Tachyporis
702 3640 866 3713 familiae
899 3637 1085 3734 sequentia
1119 3638 1207 3708 haec
1230 3628 1286 3706 fa·
1384 3639 1385 3696 ἐ

319 3762 427 3836 milia
443 3786 596 3858 corpore
609 3768 727 3867 magia
743 3767 979 3862 sphaeroideo
994 3784 1051 3854 et,
1077 3761 1181 3862 quod
1196 3758 1285 3832 inda

318 3889 505 3985 sequitur,
539 3895 660 3989 capite
684 3899 833 3972 thorace
857 3895 1131 3996 coleopttiaque
1158 3888 1284 3964 multo

318 4018 516 4099 latioribus
541 4017 676 4098 differt.

1176 4173 1210 4223 ι.
1238 4151 1282 4222 Τ.
