2768 4796
266 386 339 475 176
524 381 586 452 VI.
612 371 829 455 ducciam.
854 379 1018 450 mvl.

361 563 518 639 Habitat
542 560 790 664 Brunluigae,
825 557 994 662 tempora
1023 561 1187 656 vernali,
1228 565 1280 639 ad

311 693 410 790 ripae
429 731 481 751 -
504 694 617 768 Dohl.

608 885 829 954 Famam
878 884 923 954 V.

262 1033 323 1104 72.
349 1009 399 1092 A.
416 1038 511 1084 nona
536 1013 591 1082 Μ,
616 1035 652 1108 p.
670 1029 730 1105 98.

261 1163 321 1233 73·
346 1139 396 1219 A·
414 1142 529 1240 polita
555 1143 611 1212 M.
636 1165 670 1236 p.
685 1162 745 1233 99.

593 1347 817 1413 Famrnra
866 1343 929 1413 v1.

259 1485 319 1562 74.
346 1467 392 1546 A.
411 1465 572 1574 depreffa
591 1474 647 1541 M.
672 1495 707 1566 p.
724 1491 806 1543 roo.

285 1605 327 1672 V
325 1602 515 1671 arietotem
536 1596 700 1681 fuscam
735 1592 895 1666 thoracis
918 1595 1274 1697 coleoptrorumque

306 1725 486 1800 lateribus
507 1726 620 1823 paulo
642 1723 922 1823 pallidioribus;
955 1724 1167 1799 abdominis
1192 1729 1271 1830 leg·

311 1875 442 1927 mento
479 1855 603 1952 primo
639 1851 867 1938 rufescente3
907 1855 1064 1952 pedibus
1091 1853 1280 1946 testaceis-5

305 1985 425 2081 capite
445 2000 545 2072 atro,
570 1999 817 2055 antennarum
843 1982 1032 2056 fuscatum
1056 1984 1267 2076 articuliag

306 2110 439 2208 primia
454 2111 646 2208 palpiaque
658 2109 919 2184 rufo-testaceis
928 2144 939 2202 3
963 2112 1063 2211 long.
1079 2119 1122 2214 a}
1137 2113 1204 2184 lin.
1216 2143 1271 2172 -ι

257 2247 259 2254 ’
306 2247 419 2312 Dom.
445 2239 556 2311 Dohl.
584 2239 814 2336 Brunsuigae
835 2236 952 2334 cepit,
974 2257 1012 2309 et
1036 2263 1184 2312 mecum
1199 2239 1266 2312 sub

303 2369 458 2440 nomine
483 2369 545 2445 At.
560 2372 750 2442 commodo
774 2374 843 2440 Ku.
866 2368 1172 2440 communicauit.

282 2501 454 2572 Varietos
491 2496 621 2583 altera,
664 2495 867 2593 co'leoptris
900 2495 1184 2595 nigro-fuscis,
1225 2496 1268 2572 in

305 2625 525 2698 collectione
545 2619 722 2724 Rosciana
748 2627 843 2698 mihi
869 2623 934 2696 sub
962 2622 1117 2696 nomine
1140 2625 1266 2720 Stnph.

305 2757 419 2826 tenuis
443 2754 548 2826 Febr.
572 2754 740 2826 occurrit.
763 2795 814 2810 -
857 2752 1023 2824 Eandem
1049 2753 1265 2826 varietatem

304 2903 449 2975 autem,
483 2885 684 2957 abdomine
705 2879 932 2967 inlustrante,
955 2879 1151 2978 segmentis
1173 2881 1264 2950 duo·

304 3014 372 3083 bna
406 3014 537 3084 mediis
572 3009 706 3098 fuscia,
745 3017 857 3082 Dum.
890 3012 993 3084 Duhl
1021 3037 1169 3084 mecum
1195 3011 1262 3084 sub

304 3140 457 3209 nomine
492 3141 551 3220 Al.
567 3137 685 3239 fulua
718 3143 787 3208 Kn.
825 3139 1131 3212 communicauit.
1193 3144 1262 3214 Hia

301 3269 362 3340 Al.
394 3265 515 3337 fuluis
546 3273 617 3340 lin.
657 3265 791 3336 thorax
823 3265 950 3336 minua
987 3267 1172 3365 deprellua
1200 3267 1260 3359 est,

299 3417 413 3486 quam
444 3395 618 3491 reliquia,
655 3418 732 3489 quo
755 3395 844 3466 haec
865 3392 1010 3466 familia
1036 3421 1124 3466 cum
1153 3395 1261 3468 fami·
1337 3427 1340 3434 ’

297 3519 350 3592 lia
389 3521 495 3593 tertia
536 3521 709 3593 nectitur.
763 3527 876 3593 Dum.
912 3523 1015 3594 Dohl
1041 3523 1136 3621 legit
1165 3525 1260 3595 hano

297 3673 372 3720 var.
406 3649 657 3748 Brunsuigaa,
695 3665 864 3747 tempora
892 3646 1047 3740 aestiuo,
1088 3654 1130 3724 in
1162 3655 1256 3727 locis

296 3778 564 3850 arundinaoeia.

246 3922 304 3992 75·
331 3904 380 3980 Α.
394 3908 946 4011 grarninicoladepresiiuaoula,
971 3905 1098 4006 nigra,
1119 3907 1238 3982 nitida
1245 3942 1257 3995 ς

294 4031 487 4125 antennis,
520 4040 658 4138 palpis,
689 4039 924 4139 pedibuaque
952 4034 1257 4112 fuacaacanlibua.

330 4171 331 4176 ’
1005 4195 1012 4223 a
1136 4171 1252 4266 Long.
