2768 4796
435 350 480 416 X.
513 343 707 422 Omrrlium.
744 351 781 418 F.
799 350 846 416 11.
885 374 888 380 ·
1074 371 1148 443 209

475 536 502 604 F
512 557 695 602 enirm
747 538 794 604 11.

131 686 188 736 tr.
219 661 265 740 0.
286 663 446 734 riuulore
470 667 525 733 Μ.
551 689 584 758 p.
606 668 685 732 116.

228 794 345 886 Caput
368 787 530 862 fouentis
553 809 714 886 quatuor
740 785 971 884 impastum,
994 788 1140 864 duabus

176 914 316 988 scilieet
329 918 427 988 inter
441 921 580 1006 oculos,
597 919 741 1018 puabue
753 917 799 988 od
816 915 937 1000 haiim
960 943 1022 989 ore
1040 917 1137 991 tufo.

227 1047 423 1145 Coleoptro
441 1048 630 1118 interdum
647 1050 807 1118 omnino
822 1042 899 1118 fere
917 1045 1022 1143 nigre
1040 1046 1136 1119 sunt.

161 1205 165 1212 ·
224 1179 337 1246 Dom.
372 1173 469 1246 Prof.
502 1174 628 1246 Knoch
664 1176 785 1272 ploret
819 1177 939 1247 adhuc
964 1175 1137 1250 condidit

174 1301 406 1375 Ornoliorum
434 1301 586 1398 species,
617 1303 662 1372 de
685 1301 823 1399 quibus
846 1321 970 1376 eutem
998 1303 1133 1375 dubius

170 1415 273 1520 forn,
298 1459 343 1504 an
365 1456 443 1504 non
467 1429 588 1502 forsan
610 1428 801 1502 varietates
821 1431 932 1504 vniue
950 1432 1132 1504 eiusdem·

169 1583 243 1656 que
268 1557 400 1655 ipeciei
426 1557 514 1631 sint:

66 1759 69 1764 .
141 1696 179 1784 e)
208 1689 253 1765 0.
279 1682 421 1786 coefum
448 1689 616 1784 nigrum
642 1685 816 1758 antennis
832 1688 1037 1787 elytrisque
1054 1693 1130 1785 pol·

166 1817 384 1899 lidioribus3
427 1818 540 1910 poipis
575 1814 804 1908 pedibusque
837 1814 1127 1902 rufescenribus;

167 1943 326 2018 thoracis
359 1942 481 2016 foueis
515 1942 659 2013 duabus
691 1939 909 2026 dorsalibus,
928 1944 1127 2039 profundis

165 2075 298 2148 oneris.

213 2203 332 2302 long.
363 2225 449 2272 ι-
468 2207 510 2301 12}
540 2201 606 2271 lin.

217 2335 363 2402 Statura
400 2345 437 2401 et
468 2326 633 2424 partium
667 2328 786 2400 forma
818 2355 859 2401 ao
886 2331 1128 2426 proportione

53 2497 56 2504 ,
166 2459 213 2536 0.
249 2461 441 2538 rizoniorisr
488 2457 672 2549 sculpture
711 2467 835 2530 intem
869 2479 906 2530 et
940 2480 1124 2554 punctura

161 2589 285 2658 multo
311 2583 475 2656 ornffiore
498 2603 533 2656 et
559 2583 802 2674 distinctione,
828 2611 985 2660 necnon
1001 2586 1123 2664 forme

159 2715 355 2790 fooeerum
379 2715 540 2786 thorneie
566 2713 762 2785 diuersum.

214 2845 362 2918 Thorax
383 2841 560 2941 rugosum
586 2839 708 2914 foueis
735 2839 878 2912 duobus
904 2842 1123 2937 dorsalibus,

158 2973 520 3072 longitudinalibus‚
546 2970 688 3064 apicem
713 2970 871 3040 thoracis
894 2970 993 3042 houd
1009 2973 1123 3046 ettin-

156 3103 353 3201 gentibus,
399 3099 614 3196 profundis,
655 3097 857 3172 interuallo
893 3100 1015 3172 multo
1058 3127 1122 3174 an·

154 3225 315 3326 'gustiore
349 3255 463 3325 quarn
498 3228 538 3299 in
579 3227 624 3304 0.
643 3230 812 3310 riuulari5
849 3244 990 3322 puncto
1013 3226 1122 3324 supra

156 3354 240 3430 illes
264 3355 394 3430 fouere
419 3353 604 3450 inrpreffo.

205 3487 399 3580 Coleoptro
441 3485 547 3580 plicis
589 3482 932 3582 longitudinalibue
974 3483 1119 3556 duabus

152 3636 268 3710 prope
296 3611 471 3684 suturam.
1060 3617 1064 3627 '

132 3744 169 3833 b)
201 3741 246 3816 0.
267 3731 414 3835 incisum
441 3741 486 3810 ab
520 3739 565 3819 0.
584 3739 736 3810 riuulari
762 3764 842 3811 non
876 3737 948 3813 nifi
978 3741 1120 3841 mogui-

156 3869 288 3941 todine
315 3868 462 3939 minore
485 3862 631 3940 differre
653 3867 815 3940 videtur.
853 3876 949 3940 Sunt
965 3873 1119 3965 quidem

153 3995 375 4094 specimine,
402 3997 563 4070 orontis
586 4000 755 4096 margine
777 3998 976 4094 pallidiore
993 3996 1118 4068 dinin-

677 4129 709 4198 Ο
1022 4180 1026 4187 .
1062 4141 1119 4196 ota
