2768 4796
455 387 522 454 IX.
550 369 795 477 Euoeflbetus.
1061 408 1131 456 201

486 677 651 743 Gznvs
704 677 768 744 IX.

383 863 884 930 EVAESTHETVS.

202 1085 480 1176 Micropteron,
513 1104 634 1174 equo
668 1081 733 1150 cel.
759 1083 883 1153 Knoch
905 1109 1049 1157 nouum
1075 1113 1135 1184 ge·

126 1241 217 1300 nus,
253 1213 318 1282 sub
345 1199 776 1306 nornineEuoesthetus,
811 1213 994 1299 condidit,
1030 1215 1137 1288 debe·

125 1365 211 1412 mus
238 1347 347 1412 Dorn.
376 1339 495 1422 Data,
520 1336 748 1406 insectorum
774 1335 936 1411 felicior
962 1342 1136 1417 indefeffo

126 1471 359 1566 indagatore,
385 1465 453 1563 qui
466 1467 551 1535 ·hoc
570 1462 751 1534 iniectum
772 1467 893 1558 primo
910 1469 1138 1567 Brnnsuigac

125 1598 229 1695 legit.
282 1603 362 1668 Hoc
388 1619 525 1693 genus,
565 1593 710 1662 ratione
733 1589 888 1665 staturae
908 1613 951 1668 ct
978 1598 1136 1670 thoracis

125 1725 276 1812 sulcati,
299 1727 462 1821 aliquam
479 1721 604 1819 prodit
617 1719 831 1791 affinitatem
848 1747 931 1792 curn
950 1727 1139 1824 Oxytelrs;

125 1855 329 1926 accuratius
361 1871 484 1930 autam
518 1871 555 1922 et
581 1853 693 1923 oculo
721 1852 814 1920 bene
837 1874 978 1923 armato
1001 1861 1137 1930 exanti-

127 1991 280 2068 na'tunt,
306 1983 427 2073 plures
453 1980 602 2074 praebet
626 1981 865 2065 characteres,
893 1981 1028 2074 quibus
1053 1983 1137 2056 satis

127 2114 171 2182 ab
203 2080 453 2192 annuat,
486 2105 671 2201 imprimis
698 2105 833 2179 fabrica
858 2109 1035 2201 peculiari
1057 2115 1137 2210 par·

125 2264 255 2336 porum
280 2257 316 2306 et
341 2252 585 2308 antennarum.
1090 2257 1093 2262 ¹

228 2372 378 2438 Statura
398 2365 512 2460 paulo
535 2359 677 2434 craffior
693 2361 739 2434 est
754 2381 790 2435 et
806 2367 1014 2438 conuexior
1027 2393 1140 2464 quam
1186 2411 1188 2416 ·

27 2570 30 2580 Δ
122 2470 125 2475 ¹
178 2492 362 2586 Oxytelis.

229 2628 349 2720 Caput
360 2623 507 2691 thorace
517 2605 628 2716 paulo
640 2622 774 2709 minus,
803 2622 947 2714 punctis
961 2621 1137 2696 scabrum.

178 2752 364 2824 Antennis
389 2749 507 2842 capite
524 2753 635 2843 paulo
650 2751 905 2849 longioribus,
931 2751 1141 2822 extrorsum

178 2876 425 2960 crassioribus3
458 2879 616 2949 articulo
645 2881 765 2971 primo
787 2881 951 2966 clauato,
981 2878 1139 2951 secundo
1167 2969 1173 2976 ,

178 3003 371 3102 perbreui,
408 3006 518 3076 tertio
553 3007 725 3104 longiore
758 3026 795 3078 et
825 3007 1004 3079 validiore
1028 3035 1139 3105 quarn

180 3134 383 3221 fecundus,
418 3155 506 3223 4-ss
531 3134 692 3206 minutis
723 3134 1023 3224 subtransuerfis,
1058 3164 1079 3232 9
1105 3156 1142 3208 et

182 3288 228 3334 ro
253 3265 374 3334 multo
397 3260 623 3338 crassioribus
648 3262 879 3351 transuersis,
908 3264 1042 3336 vltimo
1062 3291 1141 3336 orn·

179 3393 288 3464 nium
326 3386 546 3476 craffiffimo,
596 3407 730 3472 ouato,
773 3394 875 3486 apice
915 3391 1141 3465 acuminato.

72 3567 73 3570 =
172 3499 323 3612 'clypeo
361 3520 438 3588 lato
482 3519 638 3614 integro.
712 3517 947 3592 Mandibulis
986 3518 1139 3594 falcatis.

181 3647 305 3742 Palpi's
332 3645 579 3718 anterioribus
605 3643 734 3740 capitis
756 3647 1013 3745 longitudine,
1038 3647 1142 3720 triar-

181 3774 366 3857 ticulatis3
412 3773 571 3846 articulo
606 3774 728 3868 primo
765 3777 932 3861 clauum
981 3774 1141 3848 secundo

181 3907 306 3976 multo
335 3901 507 3975 breuiore
540 3919 577 3972 ct
602 3901 812 4002 angustiore
838 3929 951 4001 quam
978 3903 1121 3998 primus
1130 3929 1142 3987 3

182 4033 295 4108 tertio
312 4049 445 4120 ouato,
472 4029 629 4127 reliquia
645 4025 827 4123 crrffiore,
848 4029 1142 4107 subacuminato.

258 4203 264 4232 r
1047 4164 1145 4256 (Hoc
