2814 4810
528 507 769 566 enarratio.
1072 515 1154 578 [ΠΙ

135 677 254 754 tione
284 671 443 749 numeri
475 685 717 774 punctorum
741 669 1058 756 constantissimae
1082 679 1157 764 effe

142 806 286 891 solent,
310 802 455 902 species
478 816 646 876 attamen
669 802 857 900 quaedam
876 804 972 884 sunt
987 809 1157 892 incertae

142 951 211 1008 aut
242 931 396 1032 spuriae
426 929 490 1004 vel
518 930 793 1020 intermediae,
834 935 979 1030 quibus
1001 911 1157 1040 -pnncte

136 1060 211 1137 ista
237 1059 486 1134 mutabiliora
511 1059 620 1149 sunt,
660 1059 719 1133 vti
744 1056 1036 1142 obseruationes
1061 1095 1156 1147 con·

139 1161 319 1268 sinuatae
352 1177 578 1264 crebriores
599 1201 639 1264 et
668 1189 903 1266 recentiores
926 1217 991 1268 me
1013 1195 1157 1278 docue-

90 1387 92 1392 ,
135 1331 238 1396 runt
278 1319 329 1408 (e.
357 1339 394 1416 g.
431 1316 636 1392 varietates
670 1312 826 1426 [potire
864 1319 919 1396 St.
958 1329 1156 1409 variantis
1292 1363 1296 1370 ·

140 1449 269 1521 atrati
301 1449 401 1541 etc).
453 1447 498 1518 ln
529 1442 677 1518 familia
709 1461 845 1542 quarta
869 1462 1002 1528 autem
1023 1457 1156 1548 (nunc

143 1570 329 1670 secunda)
352 1596 544 1648 numerus
568 1587 831 1673 punctorum,
863 1599 1079 1656 numerum
1100 1580 1157 1660 se-

136 1701 300 1778 narium
336 1699 543 1790 excedens,
584 1696 863 1778 inconstantior
894 1703 947 1783 cst
975 1713 1027 1808 (e.
1047 1735 1083 1812 g.
1110 1712 1156 1786 in

139 1831 203 1908 St.
224 1827 426 1919 ochraceo,
451 1827 665 1934 elongato).
944 1914 947 1920 ,

417 1955 478 2034 Ad
502 1983 540 2056 p.
558 1963 653 2035 XIX.
682 1973 779 2056 part.
807 1959 876 2035 inf.

142 2150 150 2161 .
217 2079 422 2184 Diagnofis
443 2068 604 2184 allegata
633 2085 793 2183 Oxyteli
818 2087 962 2164 caelati
983 2111 1032 2164 eo
1048 2113 1156 2171 tom·

138 2213 331 2294 mutanda
350 2212 420 2304 eo:
452 2214 526 2292 “0.
548 2210 723 2288 caelatus
743 2211 872 2291 foueis
892 2214 1046 2296 duabus
1062 2201 1156 2294 dor.¹

143 2341 315 2417 salibus”
345 2347 456 2440 (nam
486 2337 627 2416 foueae
657 2341 830 2418 laterales
859 2344 1041 2445 prorsum
1071 2346 1156 2424 iere

136 2485 385 2546 euanescunt
407 2483 447 2544 et
469 2468 656 2545 omnibus
673 2473 849 2572 Oxytelis
871 2471 1028 2550 eaedem
1048 2471 1156 2575 furit)

135 2598 364 2687 J‘arcuatis,
388 2597 547 2672 thorace
562 2599 819 2688 transuerso.”¹
865 2603 1035 2679 Plurimi
1047 2607 1156 2682 enim

134 2717 290 2824 reliqui
320 2726 480 2825 Oxyteli
511 2751 681 2805 numero
707 2733 772 2807 vel
794 2730 923 2808 forma
944 2731 1155 2818 mereatum

135 2855 309 2955 thoracis
332 2854 639 2955 distinguuntur.

403 2984 463 3062 Ad
487 3013 526 3088 p.
550 2975 662 3065 XXV.
688 3003 785 3088 part.
810 2985 895 3087 inp.

216 3115 373 3212 ,Corpus
411 3111 682 3190 breuittimum
722 3132 761 3192 et
794 3113 1073 3216 globuliforme
1101 3113 1155 3194 est

138 3239 379 3343 ffloclryporo
399 3247 631 3350 granarium,
651 3244 794 3348 speciei
818 3268 959 3320 nouae.
1070 3285 1073 3296 =

392 3371 453 3448 Ad
475 3400 512 3475 p.
533 3381 646 3454 XXX.
675 3390 772 3475 part.
799 3372 902 3450 med.
962 3469 966 3480 J

220 3496 690 3602 Staphylinosstenoider‚
713 3525 818 3576 noua
832 3498 997 3601 species,
1018 3501 1157 3584 habitu

141 3623 256 3704 vaide
300 3627 506 3730 fingulari,
550 3630 600 3705 ad
637 3632 791 3707 tertiam
826 3645 1008 3704 attamen,
1030 3635 1158 3729 (nunc

142 3757 333 3856 primam)
363 3756 553 3834 familiam
581 3759 906 3859 staphylinorum
937 3756 1156 3850 referenda.

141 3901 260 3983 caput
293 3886 410 3963 habet
442 3888 589 3988 vbique
621 3888 777 3989 punctis
811 3885 1056 3964 craifioribus
1080 3889 1157 3966 ima

138 4011 329 4109 pressum,
363 4020 573 4094 Stenorum
601 4019 718 4118 capiti
741 4015 880 4106 timite,
911 4042 1004 4091 cum
1028 4013 1157 4092 omnis

142 4137 216 4216 bus
249 4143 412 4245 reliquis
435 4145 557 4223 huius
582 4144 751 4243 familiae
769 4145 1016 4246 ‚Staphyhnis
1037 4158 1156 4241 caput

1016 4268 1153 4350 medio
