<?xml version="1.0" encoding="UTF-8"?>
<!DOCTYPE html PUBLIC "-//W3C//DTD XHTML 1.0 Transitional//EN"
    "http://www.w3.org/TR/xhtml1/DTD/xhtml1-transitional.dtd">
<html xmlns="http://www.w3.org/1999/xhtml" xml:lang="en" lang="en">
 <head>
  <title>
</title>
<meta http-equiv="Content-Type" content="text/html;charset=utf-8" />
  <meta name='ocr-system' content='tesseract 3.04.00' />
  <meta name='ocr-capabilities' content='ocr_page ocr_carea ocr_par ocr_line ocrx_word'/>
</head>
<body>
  <div class='ocr_page' id='page_1' title='image "./monographiacole00gravgoog_0067.png"; bbox 0 0 2814 4810; ppageno 0'>
   <div class='ocr_carea' id='block_1_1' title="bbox 118 369 989 471">
    <p class='ocr_par' dir='ltr' id='par_1_1' title="bbox 118 369 989 471">
     <span class='ocr_line' id='line_1_1' title="bbox 118 369 989 471; baseline 0.022 -45"><span class='ocrx_word' id='word_1_1' title='bbox 118 415 124 426; x_wconf 94' lang='lat'>.</span> <span class='ocrx_word' id='word_1_2' title='bbox 259 391 310 468; x_wconf 67' lang='lat'><strong>44</strong></span> <span class='ocrx_word' id='word_1_3' title='bbox 549 374 616 444; x_wconf 90' lang='lat'>111.</span> <span class='ocrx_word' id='word_1_4' title='bbox 636 369 881 471; x_wconf 69' lang='lat' dir='ltr'><strong>Staphysinus.</strong></span> <span class='ocrx_word' id='word_1_5' title='bbox 907 377 945 446; x_wconf 80' lang='lat' dir='ltr'><strong>F.</strong></span> <span class='ocrx_word' id='word_1_6' title='bbox 959 377 989 446; x_wconf 88' lang='lat'><strong>1.</strong></span> 
     </span>
    </p>
   </div>
   <div class='ocr_carea' id='block_1_2' title="bbox 261 555 1399 4236">
    <p class='ocr_par' dir='ltr' id='par_1_2' title="bbox 307 555 1268 788">
     <span class='ocr_line' id='line_1_2' title="bbox 355 555 1268 657; baseline 0.003 -25"><span class='ocrx_word' id='word_1_7' title='bbox 355 563 482 657; x_wconf 78' lang='lat' dir='ltr'><strong>Caput</strong></span> <span class='ocrx_word' id='word_1_8' title='bbox 507 555 777 645; x_wconf 84' lang='lat' dir='ltr'><strong>orbiculatum,</strong></span> <span class='ocrx_word' id='word_1_9' title='bbox 810 558 932 632; x_wconf 85' lang='lat' dir='ltr'><strong>maius</strong></span> <span class='ocrx_word' id='word_1_10' title='bbox 954 558 1152 653; x_wconf 80' lang='lat' dir='ltr'><strong>minusue,</strong></span> <span class='ocrx_word' id='word_1_11' title='bbox 1176 561 1268 640; x_wconf 87' lang='lat' dir='ltr'><strong>sem·</strong></span> 
     </span>
     <span class='ocr_line' id='line_1_3' title="bbox 307 686 856 788; baseline 0 -28"><span class='ocrx_word' id='word_1_12' title='bbox 307 713 373 788; x_wconf 82' lang='lat' dir='ltr'><strong>per</strong></span> <span class='ocrx_word' id='word_1_13' title='bbox 398 705 524 760; x_wconf 89' lang='lat' dir='ltr'><strong>autem</strong></span> <span class='ocrx_word' id='word_1_14' title='bbox 545 686 694 760; x_wconf 76' lang='lat' dir='ltr'>thorace</span> <span class='ocrx_word' id='word_1_15' title='bbox 717 687 856 762; x_wconf 85' lang='lat' dir='ltr'><strong>minus.</strong></span> 
     </span>
    </p>

    <p class='ocr_par' dir='ltr' id='par_1_3' title="bbox 354 817 1089 916">
     <span class='ocr_line' id='line_1_4' title="bbox 354 817 1089 916; baseline 0 -24"><span class='ocrx_word' id='word_1_16' title='bbox 354 824 442 892; x_wconf 88' lang='lat' dir='ltr'><strong>Huo</strong></span> <span class='ocrx_word' id='word_1_17' title='bbox 463 818 623 916; x_wconf 76' lang='lat' dir='ltr'>pertinet</span> <span class='ocrx_word' id='word_1_18' title='bbox 646 817 802 891; x_wconf 82' lang='lat' dir='ltr'><strong>varietas</strong></span> <span class='ocrx_word' id='word_1_19' title='bbox 828 839 872 888; x_wconf 84' lang='lat' dir='ltr'><strong>ro</strong></span> <span class='ocrx_word' id='word_1_20' title='bbox 897 820 953 888; x_wconf 90' lang='grc' dir='ltr'><strong>Μ.</strong></span> <span class='ocrx_word' id='word_1_21' title='bbox 981 843 1015 913; x_wconf 89' lang='lat' dir='ltr'><strong>p.</strong></span> <span class='ocrx_word' id='word_1_22' title='bbox 1031 841 1089 907; x_wconf 74' lang='lat'><strong>3⁹.</strong></span> 
     </span>
    </p>

    <p class='ocr_par' dir='ltr' id='par_1_4' title="bbox 306 941 1268 1174">
     <span class='ocr_line' id='line_1_5' title="bbox 357 941 1266 1043; baseline -0.002 -19"><span class='ocrx_word' id='word_1_23' title='bbox 357 952 495 1024; x_wconf 84' lang='lat' dir='ltr'><strong>Omnes</strong></span> <span class='ocrx_word' id='word_1_24' title='bbox 529 970 617 1020; x_wconf 83' lang='lat' dir='ltr'><strong>vero</strong></span> <span class='ocrx_word' id='word_1_25' title='bbox 651 941 818 1038; x_wconf 83' lang='lat' dir='ltr'><strong>reliquae</strong></span> <span class='ocrx_word' id='word_1_26' title='bbox 847 944 1061 1034; x_wconf 82' lang='lat' dir='ltr'><strong>varietates,</strong></span> <span class='ocrx_word' id='word_1_27' title='bbox 1094 972 1266 1043; x_wconf 83' lang='lat' dir='ltr'><strong>quarum,</strong></span> 
     </span>
     <span class='ocr_line' id='line_1_6' title="bbox 306 1069 1268 1174; baseline 0 -26"><span class='ocrx_word' id='word_1_28' title='bbox 306 1075 439 1174; x_wconf 83' lang='lat' dir='ltr'><strong>pagine</strong></span> <span class='ocrx_word' id='word_1_29' title='bbox 473 1075 604 1162; x_wconf 84' lang='lat' dir='ltr'><strong>citata,</strong></span> <span class='ocrx_word' id='word_1_30' title='bbox 636 1073 779 1144; x_wconf 85' lang='lat' dir='ltr'><strong>mentio</strong></span> <span class='ocrx_word' id='word_1_31' title='bbox 802 1070 897 1144; x_wconf 84' lang='lat' dir='ltr'><strong>sacta</strong></span> <span class='ocrx_word' id='word_1_32' title='bbox 924 1069 993 1162; x_wconf 81' lang='lat' dir='ltr'><strong>est,</strong></span> <span class='ocrx_word' id='word_1_33' title='bbox 1020 1079 1185 1173; x_wconf 83' lang='lat' dir='ltr'><strong>exceptis</strong></span> <span class='ocrx_word' id='word_1_34' title='bbox 1207 1103 1268 1149; x_wconf 85' lang='lat' dir='ltr'><strong>ra·</strong></span> 
     </span>
    </p>

    <p class='ocr_par' dir='ltr' id='par_1_5' title="bbox 261 1199 1267 1427">
     <span class='ocr_line' id='line_1_7' title="bbox 261 1199 1266 1302; baseline -0.004 -20"><span class='ocrx_word' id='word_1_35' title='bbox 261 1261 267 1268; x_wconf 89' lang='lat'>-</span> <span class='ocrx_word' id='word_1_36' title='bbox 304 1206 502 1282; x_wconf 81' lang='lat' dir='ltr'><strong>rietatibos</strong></span> <span class='ocrx_word' id='word_1_37' title='bbox 526 1212 568 1292; x_wconf 87' lang='lat'><strong>6,</strong></span> <span class='ocrx_word' id='word_1_38' title='bbox 596 1221 638 1288; x_wconf 80' lang='grc'><strong>8,</strong></span> <span class='ocrx_word' id='word_1_39' title='bbox 666 1222 731 1288; x_wconf 77' lang='lat'><strong>13,</strong></span> <span class='ocrx_word' id='word_1_40' title='bbox 769 1199 815 1288; x_wconf 83' lang='lat' dir='ltr'><strong>de</strong></span> <span class='ocrx_word' id='word_1_41' title='bbox 850 1200 990 1298; x_wconf 85' lang='lat' dir='ltr'><strong>quibus</strong></span> <span class='ocrx_word' id='word_1_42' title='bbox 1024 1204 1124 1278; x_wconf 89' lang='lat' dir='ltr'><strong>insra</strong></span> <span class='ocrx_word' id='word_1_43' title='bbox 1151 1229 1266 1302; x_wconf 71' lang='lat' dir='ltr'><strong>‘quae-</strong></span> 
     </span>
     <span class='ocr_line' id='line_1_8' title="bbox 302 1328 1267 1427; baseline -0.005 -16"><span class='ocrx_word' id='word_1_44' title='bbox 302 1337 391 1411; x_wconf 86' lang='lat' dir='ltr'><strong>dam</strong></span> <span class='ocrx_word' id='word_1_45' title='bbox 415 1335 537 1408; x_wconf 89' lang='lat' dir='ltr'><strong>adhuc</strong></span> <span class='ocrx_word' id='word_1_46' title='bbox 560 1328 743 1417; x_wconf 88' lang='lat' dir='ltr'><strong>monebo,</strong></span> <span class='ocrx_word' id='word_1_47' title='bbox 763 1329 825 1412; x_wconf 75' lang='lat' dir='ltr'><strong>vel</strong></span> <span class='ocrx_word' id='word_1_48' title='bbox 849 1331 1020 1427; x_wconf 81' lang='lat' dir='ltr'><strong>scopula</strong></span> <span class='ocrx_word' id='word_1_49' title='bbox 1034 1332 1267 1406; x_wconf 81' lang='lat' dir='ltr'><strong>heruardus·</strong></span> 
     </span>
    </p>

    <p class='ocr_par' dir='ltr' id='par_1_6' title="bbox 265 1455 1399 2591">
     <span class='ocr_line' id='line_1_9' title="bbox 265 1455 1265 1558; baseline -0.008 -18"><span class='ocrx_word' id='word_1_50' title='bbox 265 1532 269 1540; x_wconf 94' lang='lat'><em>.</em></span> <span class='ocrx_word' id='word_1_51' title='bbox 302 1490 392 1538; x_wconf 88' lang='lat' dir='ltr'><strong>rum</strong></span> <span class='ocrx_word' id='word_1_52' title='bbox 429 1469 538 1558; x_wconf 87' lang='lat' dir='ltr'><strong>(quae</strong></span> <span class='ocrx_word' id='word_1_53' title='bbox 570 1483 639 1555; x_wconf 84' lang='lat' dir='ltr'><strong>pro</strong></span> <span class='ocrx_word' id='word_1_54' title='bbox 670 1455 856 1554; x_wconf 76' lang='lat' dir='ltr'><strong>speciebus</strong></span> <span class='ocrx_word' id='word_1_55' title='bbox 887 1460 1133 1554; x_wconf 76' lang='lat' dir='ltr'>peculiaribus</span> <span class='ocrx_word' id='word_1_56' title='bbox 1156 1457 1265 1534; x_wconf 83' lang='lat' dir='ltr'><strong>statui</strong></span> 
     </span>
     <span class='ocr_line' id='line_1_10' title="bbox 303 1584 1399 1692; baseline -0.001 -29"><span class='ocrx_word' id='word_1_57' title='bbox 303 1589 468 1692; x_wconf 85' lang='lat' dir='ltr'><strong>possunt)</strong></span> <span class='ocrx_word' id='word_1_58' title='bbox 502 1603 603 1660; x_wconf 83' lang='lat' dir='ltr'><strong>ortae</strong></span> <span class='ocrx_word' id='word_1_59' title='bbox 636 1584 742 1673; x_wconf 82' lang='lat' dir='ltr'><strong>sunt,</strong></span> <span class='ocrx_word' id='word_1_60' title='bbox 784 1589 1053 1660; x_wconf 71' lang='lat' dir='ltr'><strong>characteribus</strong></span> <span class='ocrx_word' id='word_1_61' title='bbox 1083 1589 1198 1685; x_wconf 82' lang='lat' dir='ltr'><strong>patris</strong></span> <span class='ocrx_word' id='word_1_62' title='bbox 1227 1608 1265 1662; x_wconf 87' lang='lat' dir='ltr'><strong>et</strong></span> <span class='ocrx_word' id='word_1_63' title='bbox 1398 1675 1399 1682; x_wconf 6' lang='grc' dir='ltr'>ἵ</span> 
     </span>
     <span class='ocr_line' id='line_1_11' title="bbox 302 1713 1264 1812; baseline -0.002 -18"><span class='ocrx_word' id='word_1_64' title='bbox 302 1718 434 1794; x_wconf 80' lang='lat' dir='ltr'><strong>matris</strong></span> <span class='ocrx_word' id='word_1_65' title='bbox 466 1715 619 1803; x_wconf 79' lang='lat' dir='ltr'><strong>mixtis3</strong></span> <span class='ocrx_word' id='word_1_66' title='bbox 659 1718 721 1790; x_wconf 86' lang='lat' dir='ltr'><strong>vel</strong></span> <span class='ocrx_word' id='word_1_67' title='bbox 751 1716 838 1788; x_wconf 91' lang='lat' dir='ltr'><strong>sunt</strong></span> <span class='ocrx_word' id='word_1_68' title='bbox 870 1713 1068 1787; x_wconf 84' lang='lat' dir='ltr'><strong>indiuidua</strong></span> <span class='ocrx_word' id='word_1_69' title='bbox 1097 1719 1210 1789; x_wconf 89' lang='lat' dir='ltr'><strong>modo</strong></span> <span class='ocrx_word' id='word_1_70' title='bbox 1234 1745 1264 1812; x_wconf 77' lang='lat' dir='ltr'><strong>¹e</strong></span> 
     </span>
     <span class='ocr_line' id='line_1_12' title="bbox 301 1840 1264 1946; baseline -0.004 -26"><span class='ocrx_word' id='word_1_71' title='bbox 301 1871 400 1946; x_wconf 81' lang='lat' dir='ltr'><strong>pupe</strong></span> <span class='ocrx_word' id='word_1_72' title='bbox 432 1862 627 1946; x_wconf 79' lang='lat' dir='ltr'><strong>prorupta,</strong></span> <span class='ocrx_word' id='word_1_73' title='bbox 659 1843 830 1917; x_wconf 86' lang='lat' dir='ltr'><strong>nondum</strong></span> <span class='ocrx_word' id='word_1_74' title='bbox 855 1843 979 1916; x_wconf 89' lang='lat' dir='ltr'><strong>colore</strong></span> <span class='ocrx_word' id='word_1_75' title='bbox 1004 1840 1166 1939; x_wconf 83' lang='lat' dir='ltr'><strong>perfecto</strong></span> <span class='ocrx_word' id='word_1_76' title='bbox 1193 1843 1264 1916; x_wconf 92' lang='lat' dir='ltr'><strong>im·</strong></span> 
     </span>
     <span class='ocr_line' id='line_1_13' title="bbox 300 1968 1262 2074; baseline -0.006 -23"><span class='ocrx_word' id='word_1_77' title='bbox 300 1977 410 2068; x_wconf 85' lang='lat' dir='ltr'><strong>buta,</strong></span> <span class='ocrx_word' id='word_1_78' title='bbox 432 1978 535 2074; x_wconf 88' lang='lat' dir='ltr'><strong>quod</strong></span> <span class='ocrx_word' id='word_1_79' title='bbox 550 1975 591 2048; x_wconf 91' lang='lat' dir='ltr'><strong>in</strong></span> <span class='ocrx_word' id='word_1_80' title='bbox 605 1973 780 2050; x_wconf 88' lang='lat' dir='ltr'><strong>omnibus</strong></span> <span class='ocrx_word' id='word_1_81' title='bbox 797 1969 950 2068; x_wconf 79' lang='lat' dir='ltr'><strong>reliquie</strong></span> <span class='ocrx_word' id='word_1_82' title='bbox 964 1968 1125 2059; x_wconf 84' lang='lat' dir='ltr'><strong>insectis,</strong></span> <span class='ocrx_word' id='word_1_83' title='bbox 1146 1974 1262 2045; x_wconf 85' lang='lat' dir='ltr'><strong>modo</strong></span> 
     </span>
     <span class='ocr_line' id='line_1_14' title="bbox 300 2095 1261 2206; baseline -0.005 -26"><span class='ocrx_word' id='word_1_84' title='bbox 300 2131 442 2204; x_wconf 85' lang='lat' dir='ltr'><strong>epupa</strong></span> <span class='ocrx_word' id='word_1_85' title='bbox 468 2104 604 2206; x_wconf 16' lang='lat' dir='ltr'><strong>erratis..</strong></span> <span class='ocrx_word' id='word_1_86' title='bbox 641 2099 827 2177; x_wconf 83' lang='lat' dir='ltr'><strong>obseruari</strong></span> <span class='ocrx_word' id='word_1_87' title='bbox 860 2095 988 2196; x_wconf 86' lang='lat' dir='ltr'><strong>potest.</strong></span> <span class='ocrx_word' id='word_1_88' title='bbox 1039 2096 1261 2175; x_wconf 88' lang='lat' dir='ltr'><strong>Differentia</strong></span> 
     </span>
     <span class='ocr_line' id='line_1_15' title="bbox 299 2221 1261 2336; baseline -0.004 -27"><span class='ocrx_word' id='word_1_89' title='bbox 299 2236 570 2336; x_wconf 77' lang='lat' dir='ltr'>magnitudinis</span> <span class='ocrx_word' id='word_1_90' title='bbox 601 2251 727 2306; x_wconf 85' lang='lat' dir='ltr'><strong>autem</strong></span> <span class='ocrx_word' id='word_1_91' title='bbox 758 2227 886 2302; x_wconf 85' lang='lat' dir='ltr'><strong>effecta</strong></span> <span class='ocrx_word' id='word_1_92' title='bbox 917 2223 984 2300; x_wconf 83' lang='lat' dir='ltr'><strong>esse</strong></span> <span class='ocrx_word' id='word_1_93' title='bbox 1008 2225 1123 2324; x_wconf 82' lang='lat' dir='ltr'><strong>potesi</strong></span> <span class='ocrx_word' id='word_1_94' title='bbox 1146 2221 1261 2306; x_wconf 87' lang='lat' dir='ltr'><strong>causis</strong></span> 
     </span>
     <span class='ocr_line' id='line_1_16' title="bbox 299 2349 1261 2458; baseline -0.004 -19"><span class='ocrx_word' id='word_1_95' title='bbox 299 2363 385 2439; x_wconf 82' lang='lat' dir='ltr'><strong>aliis</strong></span> <span class='ocrx_word' id='word_1_96' title='bbox 428 2360 611 2448; x_wconf 83' lang='lat' dir='ltr'><strong>externis,</strong></span> <span class='ocrx_word' id='word_1_97' title='bbox 654 2359 791 2455; x_wconf 89' lang='lat' dir='ltr'><strong>quibus</strong></span> <span class='ocrx_word' id='word_1_98' title='bbox 826 2358 931 2430; x_wconf 86' lang='lat' dir='ltr'><strong>larua</strong></span> <span class='ocrx_word' id='word_1_99' title='bbox 960 2349 1261 2458; x_wconf 81' lang='lat' dir='ltr'><strong>magnitudinem</strong></span> 
     </span>
     <span class='ocr_line' id='line_1_17' title="bbox 297 2484 913 2591; baseline -0.013 -25"><span class='ocrx_word' id='word_1_100' title='bbox 297 2491 504 2591; x_wconf 81' lang='lat' dir='ltr'><strong>perfectam</strong></span> <span class='ocrx_word' id='word_1_101' title='bbox 527 2488 627 2562; x_wconf 82' lang='lat' dir='ltr'><strong>nesci</strong></span> <span class='ocrx_word' id='word_1_102' title='bbox 652 2488 749 2560; x_wconf 87' lang='lat' dir='ltr'><strong>haud</strong></span> <span class='ocrx_word' id='word_1_103' title='bbox 775 2484 913 2582; x_wconf 88' lang='lat' dir='ltr'><strong>potuit.</strong></span> 
     </span>
    </p>

    <p class='ocr_par' dir='ltr' id='par_1_7' title="bbox 286 2615 1398 4131">
     <span class='ocr_line' id='line_1_18' title="bbox 347 2615 1261 2716; baseline -0.009 -20"><span class='ocrx_word' id='word_1_104' title='bbox 347 2622 442 2697; x_wconf 84' lang='lat' dir='ltr'><strong>Dixi</strong></span> <span class='ocrx_word' id='word_1_105' title='bbox 459 2621 498 2692; x_wconf 85' lang='lat' dir='ltr'><strong>iu</strong></span> <span class='ocrx_word' id='word_1_106' title='bbox 514 2615 758 2716; x_wconf 85' lang='lat' dir='ltr'><strong>descriptione</strong></span> <span class='ocrx_word' id='word_1_107' title='bbox 775 2621 825 2689; x_wconf 84' lang='lat' dir='ltr'><strong>St.</strong></span> <span class='ocrx_word' id='word_1_108' title='bbox 835 2617 937 2688; x_wconf 82' lang='lat' dir='ltr'><strong>nitidi</strong></span> <span class='ocrx_word' id='word_1_109' title='bbox 950 2620 1006 2689; x_wconf 90' lang='lat' dir='ltr'><strong>M.</strong></span> <span class='ocrx_word' id='word_1_110' title='bbox 1022 2644 1058 2715; x_wconf 90' lang='lat' dir='ltr'><strong>p.</strong></span> <span class='ocrx_word' id='word_1_111' title='bbox 1071 2641 1151 2708; x_wconf 62' lang='lat'><strong>31„</strong></span> <span class='ocrx_word' id='word_1_112' title='bbox 1177 2620 1261 2692; x_wconf 84' lang='lat' dir='ltr'><strong>tho·</strong></span> 
     </span>
     <span class='ocr_line' id='line_1_19' title="bbox 295 2747 1398 2849; baseline -0.005 -24"><span class='ocrx_word' id='word_1_113' title='bbox 295 2777 418 2827; x_wconf 86' lang='lat' dir='ltr'><strong>racem</strong></span> <span class='ocrx_word' id='word_1_114' title='bbox 438 2751 660 2849; x_wconf 89' lang='lat' dir='ltr'><strong>plerumque</strong></span> <span class='ocrx_word' id='word_1_115' title='bbox 681 2762 823 2842; x_wconf 88' lang='lat' dir='ltr'><strong>puncto</strong></span> <span class='ocrx_word' id='word_1_116' title='bbox 838 2763 988 2816; x_wconf 86' lang='lat' dir='ltr'><strong>tantum</strong></span> <span class='ocrx_word' id='word_1_117' title='bbox 1003 2770 1081 2817; x_wconf 87' lang='lat' dir='ltr'><strong>vno</strong></span> <span class='ocrx_word' id='word_1_118' title='bbox 1093 2747 1259 2820; x_wconf 80' lang='lat' dir='ltr'><strong>alterobe</strong></span> <span class='ocrx_word' id='word_1_119' title='bbox 1397 2821 1398 2830; x_wconf 59' lang='grc'>,</span> 
     </span>
     <span class='ocr_line' id='line_1_20' title="bbox 295 2870 1257 2975; baseline -0.004 -19"><span class='ocrx_word' id='word_1_120' title='bbox 295 2882 456 2965; x_wconf 87' lang='lat' dir='ltr'><strong>maiore,</strong></span> <span class='ocrx_word' id='word_1_121' title='bbox 489 2873 612 2950; x_wconf 83' lang='lat' dir='ltr'><strong>rarius</strong></span> <span class='ocrx_word' id='word_1_122' title='bbox 639 2870 801 2945; x_wconf 83' lang='lat' dir='ltr'><strong>seriebus</strong></span> <span class='ocrx_word' id='word_1_123' title='bbox 830 2872 1035 2946; x_wconf 75' lang='lat' dir='ltr'><strong>dorsalibus</strong></span> <span class='ocrx_word' id='word_1_124' title='bbox 1059 2875 1257 2975; x_wconf 84' lang='lat' dir='ltr'><strong>tripunctis</strong></span> 
     </span>
     <span class='ocr_line' id='line_1_21' title="bbox 293 3001 1256 3108; baseline -0.004 -23"><span class='ocrx_word' id='word_1_125' title='bbox 293 3005 508 3108; x_wconf 83' lang='lat' dir='ltr'><strong>impressum</strong></span> <span class='ocrx_word' id='word_1_126' title='bbox 543 3001 631 3088; x_wconf 88' lang='lat' dir='ltr'><strong>esse;</strong></span> <span class='ocrx_word' id='word_1_127' title='bbox 661 3005 763 3099; x_wconf 88' lang='lat' dir='ltr'><strong>quod</strong></span> <span class='ocrx_word' id='word_1_128' title='bbox 788 3023 910 3077; x_wconf 88' lang='lat' dir='ltr'><strong>eutem</strong></span> <span class='ocrx_word' id='word_1_129' title='bbox 936 3005 1037 3080; x_wconf 82' lang='lat' dir='ltr'><strong>secus</strong></span> <span class='ocrx_word' id='word_1_130' title='bbox 1063 3001 1256 3082; x_wconf 83' lang='lat' dir='ltr'><strong>sehabet:</strong></span> 
     </span>
     <span class='ocr_line' id='line_1_22' title="bbox 294 3131 1256 3236; baseline 0.001 -24"><span class='ocrx_word' id='word_1_131' title='bbox 294 3138 412 3213; x_wconf 77' lang='lat' dir='ltr'><strong>Series</strong></span> <span class='ocrx_word' id='word_1_132' title='bbox 463 3133 565 3209; x_wconf 90' lang='lat' dir='ltr'><strong>enim</strong></span> <span class='ocrx_word' id='word_1_133' title='bbox 612 3131 820 3229; x_wconf 86' lang='lat' dir='ltr'><strong>tripunctae</strong></span> <span class='ocrx_word' id='word_1_134' title='bbox 870 3133 1010 3206; x_wconf 80' lang='lat' dir='ltr'><strong>dorsale</strong></span> <span class='ocrx_word' id='word_1_135' title='bbox 1054 3159 1256 3236; x_wconf 84' lang='lat' dir='ltr'><strong>nunquam</strong></span> 
     </span>
     <span class='ocr_line' id='line_1_23' title="bbox 291 3259 1257 3358; baseline 0.008 -20"><span class='ocrx_word' id='word_1_136' title='bbox 291 3264 445 3352; x_wconf 82' lang='lat' dir='ltr'><strong>desunt,</strong></span> <span class='ocrx_word' id='word_1_137' title='bbox 484 3259 659 3358; x_wconf 84' lang='lat' dir='ltr'><strong>quamuis</strong></span> <span class='ocrx_word' id='word_1_138' title='bbox 693 3276 829 3355; x_wconf 85' lang='lat' dir='ltr'><strong>puncta</strong></span> <span class='ocrx_word' id='word_1_139' title='bbox 860 3259 961 3358; x_wconf 81' lang='lat' dir='ltr'><strong>saepe</strong></span> <span class='ocrx_word' id='word_1_140' title='bbox 990 3263 1083 3336; x_wconf 83' lang='lat' dir='ltr'><strong>adeo</strong></span> <span class='ocrx_word' id='word_1_141' title='bbox 1105 3264 1257 3346; x_wconf 78' lang='lat' dir='ltr'><strong>subtilia</strong></span> 
     </span>
     <span class='ocr_line' id='line_1_24' title="bbox 290 3387 1258 3492; baseline -0.006 -26"><span class='ocrx_word' id='word_1_142' title='bbox 290 3393 383 3484; x_wconf 85' lang='lat' dir='ltr'><strong>sint,</strong></span> <span class='ocrx_word' id='word_1_143' title='bbox 405 3411 449 3468; x_wconf 84' lang='lat' dir='ltr'><strong>vt</strong></span> <span class='ocrx_word' id='word_1_144' title='bbox 466 3393 534 3465; x_wconf 83' lang='lat' dir='ltr'><strong>vix</strong></span> <span class='ocrx_word' id='word_1_145' title='bbox 556 3388 670 3462; x_wconf 87' lang='lat' dir='ltr'><strong>oculo</strong></span> <span class='ocrx_word' id='word_1_146' title='bbox 691 3409 831 3462; x_wconf 84' lang='lat' dir='ltr'><strong>armato</strong></span> <span class='ocrx_word' id='word_1_147' title='bbox 848 3391 972 3492; x_wconf 81' lang='lat' dir='ltr'><strong>detegi</strong></span> <span class='ocrx_word' id='word_1_148' title='bbox 987 3387 1132 3492; x_wconf 86' lang='lat' dir='ltr'><strong>possint.</strong></span> <span class='ocrx_word' id='word_1_149' title='bbox 1187 3403 1258 3472; x_wconf 75' lang='lat'>1³0.</span> 
     </span>
     <span class='ocr_line' id='line_1_25' title="bbox 290 3517 1256 3616; baseline 0.004 -20"><span class='ocrx_word' id='word_1_150' title='bbox 290 3521 376 3597; x_wconf 88' lang='lat' dir='ltr'><strong>sitio</strong></span> <span class='ocrx_word' id='word_1_151' title='bbox 412 3523 549 3594; x_wconf 89' lang='lat' dir='ltr'><strong>horum</strong></span> <span class='ocrx_word' id='word_1_152' title='bbox 583 3535 809 3616; x_wconf 85' lang='lat' dir='ltr'><strong>punctorum</strong></span> <span class='ocrx_word' id='word_1_153' title='bbox 848 3520 938 3592; x_wconf 85' lang='lat' dir='ltr'><strong>baec</strong></span> <span class='ocrx_word' id='word_1_154' title='bbox 971 3517 1041 3594; x_wconf 77' lang='lat' dir='ltr'><strong>esta</strong></span> <span class='ocrx_word' id='word_1_155' title='bbox 1084 3526 1256 3600; x_wconf 79' lang='lat' dir='ltr'><strong>Primum</strong></span> 
     </span>
     <span class='ocr_line' id='line_1_26' title="bbox 290 3643 1397 3747; baseline 0.002 -23"><span class='ocrx_word' id='word_1_156' title='bbox 290 3670 377 3724; x_wconf 88' lang='lat' dir='ltr'><strong>ante</strong></span> <span class='ocrx_word' id='word_1_157' title='bbox 403 3647 610 3747; x_wconf 79' lang='lat' dir='ltr'><strong>marginem</strong></span> <span class='ocrx_word' id='word_1_158' title='bbox 633 3643 878 3735; x_wconf 88' lang='lat' dir='ltr'><strong>anteriorem,</strong></span> <span class='ocrx_word' id='word_1_159' title='bbox 904 3645 1253 3726; x_wconf 84' lang='lat' dir='ltr'><strong>tertiuminmedio</strong></span> <span class='ocrx_word' id='word_1_160' title='bbox 1385 3667 1397 3688; x_wconf 73' lang='grc'><em>“</em></span> 
     </span>
     <span class='ocr_line' id='line_1_27' title="bbox 289 3773 1252 3877; baseline 0 -28"><span class='ocrx_word' id='word_1_161' title='bbox 289 3778 449 3850; x_wconf 79' lang='lat' dir='ltr'><strong>thoracis</strong></span> <span class='ocrx_word' id='word_1_162' title='bbox 486 3773 598 3871; x_wconf 88' lang='lat' dir='ltr'><strong>(apici</strong></span> <span class='ocrx_word' id='word_1_163' title='bbox 629 3789 794 3845; x_wconf 76' lang='lat' dir='ltr'><strong>attamen</strong></span> <span class='ocrx_word' id='word_1_164' title='bbox 819 3775 933 3871; x_wconf 83' lang='lat' dir='ltr'><strong>paulo</strong></span> <span class='ocrx_word' id='word_1_165' title='bbox 957 3776 1113 3877; x_wconf 81' lang='lat' dir='ltr'><strong>propius</strong></span> <span class='ocrx_word' id='word_1_166' title='bbox 1138 3801 1252 3872; x_wconf 88' lang='lat' dir='ltr'><strong>quam</strong></span> 
     </span>
     <span class='ocr_line' id='line_1_28' title="bbox 288 3898 1252 4002; baseline 0.005 -25"><span class='ocrx_word' id='word_1_167' title='bbox 288 3904 398 3996; x_wconf 76' lang='lat' dir='ltr'><strong>basi),</strong></span> <span class='ocrx_word' id='word_1_168' title='bbox 443 3901 647 3975; x_wconf 86' lang='lat' dir='ltr'><strong>secundum</strong></span> <span class='ocrx_word' id='word_1_169' title='bbox 685 3898 785 3972; x_wconf 89' lang='lat' dir='ltr'><strong>inter</strong></span> <span class='ocrx_word' id='word_1_170' title='bbox 819 3903 984 4002; x_wconf 88' lang='lat' dir='ltr'><strong>primum</strong></span> <span class='ocrx_word' id='word_1_171' title='bbox 1014 3921 1053 3978; x_wconf 84' lang='lat' dir='ltr'><strong>et</strong></span> <span class='ocrx_word' id='word_1_172' title='bbox 1083 3904 1252 3996; x_wconf 71' lang='lat' dir='ltr'><strong>tertium,</strong></span> 
     </span>
     <span class='ocr_line' id='line_1_29' title="bbox 286 4027 1252 4131; baseline 0.003 -26"><span class='ocrx_word' id='word_1_173' title='bbox 286 4029 501 4105; x_wconf 87' lang='lat' dir='ltr'><strong>interuallis</strong></span> <span class='ocrx_word' id='word_1_174' title='bbox 540 4027 846 4126; x_wconf 61' lang='lat' dir='ltr'><strong>aequilibritas</strong></span> <span class='ocrx_word' id='word_1_175' title='bbox 885 4048 1055 4131; x_wconf 73' lang='lat' dir='ltr'><strong>atroque.</strong></span> <span class='ocrx_word' id='word_1_176' title='bbox 1118 4033 1252 4108; x_wconf 78' lang='lat' dir='ltr'><strong>Rarius</strong></span> 
     </span>
    </p>

    <p class='ocr_par' dir='ltr' id='par_1_8' title="bbox 1099 4159 1253 4236">
     <span class='ocr_line' id='line_1_30' title="bbox 1099 4159 1253 4236; baseline 0.032 -5"><span class='ocrx_word' id='word_1_177' title='bbox 1099 4159 1253 4236; x_wconf 87' lang='lat' dir='ltr'><strong>tertium</strong></span> 
     </span>
    </p>
   </div>
   <div class='ocr_carea' id='block_1_3' title="bbox 0 0 1412 4810">
    <p class='ocr_par' dir='ltr' id='par_1_9' title="bbox 0 0 1412 4810">
     <span class='ocr_line' id='line_1_31' title="bbox 0 0 1412 4810; baseline 0 7"><span class='ocrx_word' id='word_1_178' title='bbox 0 0 1412 4810; x_wconf 95' lang='lat' dir='ltr'><strong> </strong></span> 
     </span>
    </p>
   </div>
  </div>
 </body>
</html>
