2814 4810
423 342 490 419 111.
511 341 755 444 Staphyliuus.
779 349 818 415 F.
831 347 861 420 1.
1098 363 1148 442 43

181 535 379 611 varietates
412 532 500 605 sunt
530 529 666 630 species
689 531 910 627 peculiares,
933 535 1057 629 ¹quaa,
1088 559 1151 609 ω.

183 667 275 762 pula
308 663 406 736 inter
432 660 659 746 seiunctae,
691 659 883 732 varietates
909 657 1152 738 intermedias

186 807 410 890 genuerunt.
471 788 673 860 Varietates
712 787 798 858 ideo
837 787 1050 886 praecipuas
1087 791 1152 864 hic

187 920 394 990 accuratius
430 914 613 988 recensere
644 931 681 984 et
714 905 916 986 describere
944 916 1042 987 mihi
1067 943 1152 1015 pro·
1182 955 1188 965 ·

188 1044 352 1143 positum
383 1043 442 1118 cst.
493 1041 826 1142 Disquisitiouibus
855 1059 892 1114 et
923 1043 1151 1120 obseruatio·

188 1174 300 1246 uibus
323 1173 501 1246 reiteratis
527 1193 565 1246 et
587 1173 859 1269 multiplicatis,
875 1168 990 1271 ‘lapsu
1005 1193 1150 1274 tempu·

186 1299 241 1374 ris
262 1301 460 1375 diiudicari
484 1303 643 1398 poterit,
663 1327 709 1373 an
733 1303 800 1374 hae
826 1303 1151 1380 varietatesremu·

186 1433 301 1506 tiores
332 1431 465 1528 species
494 1427 565 1506 sint
597 1432 799 1528 genuinae,
835 1455 883 1502 an
913 1431 1012 1502 nihil
1042 1432 1147 1506 aliud

185 1587 301 1658 quam
316 1560 526 1634 (varietates
550 1560 665 1634 vuius
690 1560 931 1656 eiusdemque
956 1558 1098 1658 speciei.
1205 1551 1209 1558 ’

163 1711 333 1780 Varietus
355 1723 432 1779 tota
459 1707 576 1807 nigra.

234 1861 354 1956 Long.
382 1872 407 1947 4
431 1855 500 1928 lin.

238 2009 358 2102 Caput
380 2003 630 2076 orbiculatum
654 2000 720 2074 sen
745 1996 991 2093 subouatum,
1021 2003 1149 2078 latitu.

187 2133 274 2205 dine
298 2134 454 2230 paulum
481 2129 651 2228 longius3
676 2132 824 2201 thorace
846 2130 987 2204 minus.
1039 2139 1149 2208 Man.

188 2261 330 2334 dibulis
352 2263 469 2360 magis
494 2263 669 2332 minusue
688 2258 829 2329 validis.
881 2259 1065 2333 Antennis
1091 2263 1149 2336 ni·

191 2390 415 2488 gricautibus
441 2388 504 2461 seu
526 2385 825 2462 insuescentibns.
1088 2443 1094 2478 ,

241 2540 355 2612 Pedes
398 2534 663 2620 fuscassentes3
708 2533 916 2610 femoribus
958 2539 1150 2616 interdum

188 2667 479 2746 obscurioribus.

238 2821 327 2888 Huc
353 2811 541 2912 pertinent
563 2810 756 2886 varietates
782 2839 798 2884 1
827 2830 863 2884 et
887 2837 907 2884 a
934 2819 991 2888 M.
1015 2841 1049 2913 p.
1065 2839 1123 2904 ge.

241 2958 464 3036 Differentia
480 2957 753 3056 magnitudinis
769 2954 897 3053 capitis
915 2959 1154 3058 eiusquesuu

192 3115 296 3178 mae,
334 3108 372 3162 et
405 3084 642 3160 fortitudinis
674 3083 1001 3175 mandibularum,
1041 3075 1152 3162 nullo

191 3219 307 3292 modu
329 3215 494 3290 adhiberi
518 3211 635 3312 potest
656 3214 701 3287 ad
728 3237 867 3284 nouam
892 3212 1048 3312 speciem
1068 3244 1155 3292 con·

193 3345 365 3418 dendam.
417 3351 530 3416 Haec
564 3342 665 3416 euim
706 3335 914 3416 differentia
949 3345 989 3416 in
1021 3348 1155 3422 multis

194 3473 278 3548 aliis
299 3473 597 3568 culeopterorum
617 3489 654 3544 at
668 3469 834 3568 ipsorum
845 3471 1155 3570 micropterornm

195 3600 384 3699 speciebus
412 3599 649 3690 obseruatur,
684 3615 722 3672 et
749 3596 873 3672 sorsau
907 3603 1020 3677 etiarn
1052 3600 1155 3676 diffe-

183 3728 334 3804 ,tentiae
359 3727 500 3802 sexuali
523 3727 750 3826 respondet.¹

169 3881 342 3954 Varietas
366 3875 494 3978 nigra,
516 3876 645 3968 esytris
672 3871 853 3951 castaneis.

244 4011 361 4106 Loug·
385 4024 406 4092 5
430 4045 481 4062 ·-
502 4010 525 4078 6
549 4004 615 4080 lin.
650 4039 652 4045 ·

1037 4133 1159 4232 Caput
