2768 4796
258 375 335 460 '¹9⁰
555 363 653 433 unt.
683 363 871 461 Ocytelus.
899 367 938 436 F.
952 365 980 434 1.

308 551 489 622 comnotus
509 545 807 650 ethulpturotus
827 546 1152 644 frequentisfime
1184 554 1280 624 Cha·

283 661 461 752 ‘ractores
487 676 693 772 praecipui,
725 676 863 772 quibus
886 679 928 748 0.
946 681 1127 750 carinatas
1152 679 1198 750 ab
1226 685 1273 753 0.

298 801 530 907 sculpturata
545 801 721 903 distingui
736 801 863 896 potest,
888 805 934 877 do
947 807 1107 893 thorace,
1132 826 1276 899 puncto

306 937 429 1024 iilius,
451 931 706 1008 cicatriculoso
729 931 900 1018 alterius,
925 956 995 1002 nec
1017 935 1155 1005 nonde
1169 934 1274 1009 sulco

306 1064 445 1150 medio,
471 1061 613 1154 apicem
629 1061 754 1132 versus
770 1057 939 1154 prorsum
955 1057 1141 1132 desinente
1151 1062 1276 1154 illius,

221 1179 226 1184 ¹
303 1187 496 1290 angustato
524 1187 760 1259 solummodo
785 1186 956 1273 alterius,
987 1187 1148 1258 desumti
1170 1189 1272 1265 sunt.

302 1319 355 1392 Hi
389 1309 632 1403 characteres,
673 1312 700 1386 si
733 1316 909 1387 omnibus
944 1316 1150 1410 indiuiduis
1182 1319 1272 1394 satis

304 1443 470 1518 distincti
503 1441 634 1528 essent,
669 1439 873 1514 sufficerent
898 1442 943 1513 ad
969 1440 1271 1544 distinguendam

303 1593 499 1668 utramque
526 1571 701 1664 speciem3
729 1568 787 1642 sed
815 1570 875 1640 hic
901 1572 1024 1642 haeret
1044 1595 1159 1669 aqua;
1185 1579 1271 1649 Sul.

302 1729 366 1778 cus
399 1699 632 1803 angustatus,
669 1685 756 1768 cum
783 1698 895 1793 paulo
919 1699 1038 1797 magis
1061 1703 1182 1776 adhuc
1205 1731 1270 1779 an.
1380 1735 1381 1738 ¹

302 1829 488 1934 gustatur,
516 1834 666 1906 tandem
694 1825 843 1909 desinit;
873 1843 1075 1920 punctum,
1103 1828 1266 1926 sipaulo

302 1963 588 2055 comprimitur,
610 1959 843 2034 cicatriculae
865 1953 982 2026 simile
1009 1956 1070 2045 sit,
1096 1961 1185 2032 haec
1202 1989 1268 2034 au.

300 2107 399 2176 tem,
444 2079 474 2162 si
503 2090 616 2184 paulo
649 2085 897 2170 contrahitur,
940 2103 1092 2178 puncto.
1144 2095 1194 2160 Et
1224 2117 1265 2163 re

299 2241 385 2289 vera
410 2216 505 2287 mihi
527 2215 613 2288 sunt
626 2213 842 2312 specimina,
865 2211 1001 2306 quibus
1016 2212 1089 2284 iam
1107 2213 1264 2291 initium

300 2343 416 2414 huius
464 2342 770 2414 commutationis
815 2357 983 2434 apparet,
1035 2366 1264 2438 quamquam

298 2472 470 2545 nondum
483 2467 852 2542 omninotranseunt.
868 2509 922 2560 ···.
950 2469 1127 2543 Thoracis
1141 2471 1263 2548 forma

297 2602 511 2696 dependere
526 2568 786 2696 magnitudine
800 2593 947 2688 capitis:
975 2598 1101 2691 Capite
1112 2604 1260 2700 magno,

295 2729 430 2800 thorax
464 2722 658 2798 necessario
691 2723 793 2818 apice
822 2722 936 2794 latior
957 2719 1028 2794 esse
1048 2726 1175 2817 debet,
1214 2734 1260 2803 ad
1373 2729 1377 2738 ’

295 2858 393 2930 illud
437 2851 739 2947 recipiendum.¹
783 2829 862 2923 Hac
909 2875 997 2923 vero
1044 2855 1260 2931 dilatatione

295 2984 409 3082 partis
445 2978 640 3054 anterioris
671 2978 829 3049 thoracis
865 2981 1021 3075 angulos
1052 2983 1131 3054 eius
1160 3004 1261 3057 ante·

293 3112 409 3183 riores
447 3109 630 3184 acutiores
667 3107 748 3179 sieri
781 3124 939 3202 oportet.
992 3111 1082 3182 Inde
1114 3113 1154 3185 in
1185 3139 1257 3189 vna

293 3240 495 3334 eademque
529 3236 662 3332 specie,
697 3235 802 3307 cuius
829 3233 1027 3306 indiuidua
1053 3239 1173 3335 capite
1195 3267 1256 3316 va.

235 3375 249 3392 ''
290 3363 392 3437 riant
424 3366 566 3439 maiore
597 3382 634 3436 et
659 3361 825 3449 minore,
860 3364 1021 3438 thoracis
1043 3371 1173 3466 anguli
1194 3395 1256 3443 an·

291 3493 445 3567 teriores
479 3493 659 3564 acutiores
693 3510 730 3564 et
761 3489 965 3564 obtufiores
998 3491 1066 3566 esse
1091 3494 1252 3590 possunt,

289 3622 392 3720 quod
416 3620 609 3717 praecipuo
633 3617 674 3690 in
703 3623 746 3692 0.
762 3623 861 3716 piceo
884 3617 1088 3694 obseruaui.

239 3879 274 3954 6.
303 3878 347 3949 0.
370 3880 491 3973 piceus
523 3880 579 3947 M.
605 3897 642 3970 p.
660 3895 740 3960 105.
766 3914 818 3930 -··
846 3876 994 3949 thorace
1028 3879 1249 3970 transuerso,

284 4019 447 4101 puncto,
471 4007 669 4103 coleoptris
693 4008 837 4078 minore
859 4005 1006 4104 angulis
1031 4010 1143 4104 apicis
1170 4009 1251 4082 sub·

1140 4137 1250 4211 obtu-
