2814 4810
505 380 573 451 111.
601 377 847 480 Staphylr'nus.
1138 408 1187 480 37

158 566 279 666 specie
299 565 403 638 idom
427 563 549 649 valet,
579 563 822 660 quodmodo
845 563 892 638 da
915 562 1001 640 aliia
1025 567 1182 668 quibua·

158 698 248 769 dam
272 698 387 770 huius
413 690 580 763 familiae
604 693 837 792 staphylinia
856 693 949 768 dixi

131 913 134 920 Ι
234 831 293 896 Do
325 817 575 896 limilitudinc
602 821 703 894 inter
734 821 974 920 staphylinoa
1006 841 1045 897 at
1066 850 1178 923 quao-

155 954 247 1024 rlam
272 951 345 1022 alia
370 947 684 1044 Microptcrorum
714 975 849 1050 genero
877 953 966 1024 haec
986 957 1176 1031 monenda

156 1083 268 1152 lunt:
291 1085 413 1150 Nemo
433 1075 517 1147 lanc
538 1076 802 1173 staphylinum
827 1101 916 1164 cum
938 1081 1013 1153 alio
1035 1087 1174 1178 quonia

154 1210 392 1306 Microptoro
409 1205 640 1290 confundam
670 1223 833 1278 attamen
856 1230 990 1304 genera
1009 1210 1172 1290 indicare

152 1363 215 1411 ma
240 1354 407 1434 oportet,
431 1337 570 1431 quibua
594 1336 666 1406 boc
691 1357 808 1433 genua
834 1332 958 1408 adfine
982 1334 1052 1410 olla
1068 1338 1171 1414 virle·

149 1484 216 1540 tur
241 1503 293 1526 ι·-
316 1462 513 1537 Lotlrrobio
537 1487 558 1534 a
582 1461 813 1560 staphylinia
833 1459 925 1536 fam.
939 1468 987 1536 11.
1013 1489 1169 1566 corporo

75 1617 76 1622 ’
146 1590 384 1692 deprollioro,
405 1594 557 1663 thoraca
577 1586 729 1662 confuse
745 1607 905 1686 puncto,
927 1591 1085 1690 podibua
1103 1619 1167 1668 vr-

0 1753 1 1756 *
144 1722 350 1797 lidioribnc
384 1717 639 1806 breuioribus,
678 1717 798 1814 pulpis
829 1717 1052 1792 acuminatis
1077 1720 1165 1818 (qui

143 1849 386 1924 solummodo
414 1845 456 1918 in
487 1852 528 1918 L.
554 1847 710 1943 lotipedo
735 1845 932 1921 filiformas
958 1847 1060 1940 sunt)
1090 1847 1163 1921 dif-

143 1977 285 2054 ferunt.
315 2017 369 2036 ·-
419 1978 485 2050 -Atl
518 1977 741 2074 Alrochoros
773 1977 951 2072 quasdam
982 1973 1071 2050 fam.
1093 1982 1161 2050 111.

145 2114 192 2201 (e.
206 2133 241 2207 g.
266 2107 314 2180 ad
336 2109 397 2178 At.
423 2107 611 2200 collorem)
635 2104 790 2201 quidam
816 2105 1027 2203 staphylini
1050 2107 1097 2200 (e.
1120 2130 1158 2206 g.

144 2241 195 2308 St.
209 2239 357 2336 elegans
375 2250 413 2305 et
435 2233 653 2323 thoracicus)
676 2257 752 2304 non
775 2231 847 2305 nili
861 2235 987 2306 coloro
1001 2234 1157 2332 propius

143 2334 334 2436 meduna.
354 2402 405 2422 -··
441 2361 589 2440 Tochr'ni
612 2360 735 2435 forma
761 2380 798 2434 et
815 2358 1059 2460 proportione
1074 2362 1158 2438 tho·

141 2489 239 2564 racia
274 2514 361 2562 cum
391 2486 621 2587 Smphylinis
647 2487 736 2563 fam.
753 2497 781 2564 Ι.
808 2492 1033 2588 quibusdam
1058 2489 1158 2564 limi·

137 2620 346 2694 litudinem
369 2620 535 2714 aliquam
557 2618 715 2709 habent,
746 2645 840 2716 quo,
862 2621 1009 2694 intuitu
1030 2619 1154 2718 primo

139 2748 235 2837 leui,
274 2772 320 2821 ao
351 2744 500 2820 facilius
530 2745 652 2846 decipi
685 2747 894 2846 pollumua,
932 2773 1020 2820 curn
1048 2747 1154 2819 color

138 2880 306 2977 niger-et
331 2873 466 2949 statura
491 2875 632 2966 maior,
662 2881 702 2949 in
729 2881 802 2949 hoc
823 2901 957 2975 genero
984 2875 1152 2964 rariores,

138 3007 331 3092 accedant,
364 3029 394 3074 c.
411 3029 447 3102 g.
470 3005 511 3077 in
544 3008 582 3083 T.
606 3011 725 3104 nigro.
785 3011 863 3076 lam
892 3001 1080 3077 difficilius
1103 2999 1154 3078 oft

147 3135 187 3214 T.
205 3137 453 3222 inclinantem,
464 3128 676 3235 formosum
699 3153 737 3205 et
761 3161 947 3222 cernuum,
974 3135 1154 3206 characte-

138 3261 241 3334 ribus
275 3257 544 3349 ollontialibuo,
578 3288 649 3335 nac
679 3262 821 3334 rationo
854 3263 978 3335 habita
1003 3262 1153 3356 colorip,

138 3385 416 3488 astaphylinio
439 3391 553 3464 huius
579 3389 995 3490 familiaodistirguere.
1049 3393 1154 3464 Cole-

136 3534 243 3616 optra
261 3541 403 3602 ,eorum
422 3541 560 3615 nampc
581 3537 717 3614 puncta
743 3519 787 3590 et*
804 3517 967 3614 pilosella
986 3518 1084 3610 lrmt,
1110 3538 1155 3596 vt

137 3643 392 3742 Staphylinia,
420 3671 489 3720 nec
513 3644 607 3718 striis
627 3646 801 3735 creontis,
828 3647 885 3719 vti
897 3648 1069 3746 plurimis
1087 3657 1155 3724 Ta·

136 3771 259 3844 chinic
284 3771 473 3872 imptella,
508 3771 567 3872 lod
589 3771 720 3846 forma
735 3777 913 3865 thoracis,
952 3777 1154 3852 deficienti·

135 3899 208 3974 bus
234 3922 466 3998 punctorum
484 3901 664 3990 seriebus,
692 3901 851 3978 articulo
867 3905 1003 3978 vltimo
1024 3925 1153 3982 anten-

136 4049 273 4102 narum
309 4031 411 4102 haud
449 4029 657 4129 parabolice
691 4031 824 4105 lunato
850 4032 935 4108 latis
961 4030 1161 4124 differunt„

937 4201 940 4211 ·
996 4161 1154 4260 (Confer
